OBJECTID,STATEFP20,COUNTYFP20,TRACTCE20,GEOID20,NAME20,NAMELSAD20,MTFCC20,FUNCSTAT20,ALAND20,AWATER20,INTPTLAT20,INTPTLON20,NAME,P1_001N,P1_002N,P1_003N,P1_004N,P1_005N,P1_006N,P1_007N,P1_008N,P1_009N,P1_010N,P1_011N,P1_012N,P1_013N,P1_014N,P1_015N,P1_016N,P1_017N,P1_018N,P1_019N,P1_020N,P1_021N,P1_022N,P1_023N,P1_024N,P1_025N,P1_026N,P1_027N,P1_028N,P1_029N,P1_030N,P1_031N,P1_032N,P1_033N,P1_034N,P1_035N,P1_036N,P1_037N,P1_038N,P1_039N,P1_040N,P1_041N,P1_042N,P1_043N,P1_044N,P1_045N,P1_046N,P1_047N,P1_048N,P1_049N,P1_050N,P1_051N,P1_052N,P1_053N,P1_054N,P1_055N,P1_056N,P1_057N,P1_058N,P1_059N,P1_060N,P1_061N,P1_062N,P1_063N,P1_064N,P1_065N,P1_066N,P1_067N,P1_068N,P1_069N,P1_070N,P1_071N,ShapeSTArea,ShapeSTLength
1,48,029,110100,48029110100,1101,Census Tract,G5020,S,3428908,13720,+29.4261655,-098.4905264,"Census Tract 1101, Bexar County, Texas",3812,3147,2121,303,70,153,4,496,665,630,30,44,34,1,503,3,0,0,12,0,0,1,2,0,0,32,7,0,0,2,0,1,18,0,3,0,0,0,0,0,0,1,0,0,0,0,3,0,0,1,2,0,0,0,0,0,0,0,0,0,0,0,0,0,0,0,0,0,0,0,0,37045958.7832031,25300.4109471761
2,48,029,110300,48029110300,1103,Census Tract,G5020,S,1557586,0,+29.4143199,-098.4808476,"Census Tract 1103, Bexar County, Texas",2401,1709,1097,124,35,35,1,417,692,659,12,15,13,0,598,3,0,0,13,0,0,4,1,0,0,29,4,0,0,5,0,0,13,0,2,4,0,0,1,0,0,0,0,0,0,0,4,1,0,0,0,0,0,3,0,0,0,0,0,0,0,0,0,0,0,0,0,0,0,0,0,16761086.671875,22073.7814466071
3,48,029,110500,48029110500,1105,Census Tract,G5020,S,1149488,105494,+29.4170710,-098.5090798,"Census Tract 1105, Bexar County, Texas",2369,1627,995,160,20,44,0,408,742,729,9,20,4,0,670,3,1,0,15,1,0,4,1,1,0,10,0,0,0,0,0,0,3,0,4,3,0,0,0,0,0,0,0,0,0,0,3,0,0,2,0,0,0,0,0,0,0,0,1,0,0,0,0,0,0,0,0,0,0,0,0,13504857.9960938,15174.5979760744
4,48,029,110600,48029110600,1106,Census Tract,G5020,S,1976489,11034,+29.4292110,-098.5078374,"Census Tract 1106, Bexar County, Texas",7284,6351,3311,891,52,16,3,2078,933,915,12,12,0,5,864,3,0,1,6,0,0,10,1,1,0,18,3,1,0,5,0,0,6,0,1,0,0,0,2,0,0,0,0,0,0,0,0,0,0,0,0,0,0,0,0,0,0,0,0,0,0,0,0,0,0,0,0,0,0,0,0,21387586.8222656,19517.4533540947
5,48,029,110700,48029110700,1107,Census Tract,G5020,S,1057560,0,+29.4389386,-098.5036913,"Census Tract 1107, Bexar County, Texas",1210,873,501,55,17,7,2,291,337,322,2,10,1,0,298,0,2,1,4,0,0,4,0,0,0,11,1,0,0,1,0,0,6,2,0,0,0,0,0,0,1,0,0,0,0,0,3,0,0,1,1,1,0,0,0,0,0,0,0,0,0,0,1,0,1,0,0,0,0,0,0,11380368.6425781,18864.1114819865
6,48,029,111000,48029111000,1110,Census Tract,G5020,S,1553477,0,+29.4403477,-098.4708688,"Census Tract 1110, Bexar County, Texas",2356,1741,1122,127,39,65,3,385,615,590,14,23,16,0,514,3,8,0,5,0,0,6,0,1,0,19,1,0,0,1,0,0,14,2,1,0,0,0,0,0,0,0,0,0,0,0,5,0,0,1,0,0,0,1,3,0,0,0,0,0,0,0,1,0,1,0,0,0,0,0,0,16716841.5742188,22356.6989942301
7,48,029,111100,48029111100,1111,Census Tract,G5020,S,2569809,0,+29.4406247,-098.4880242,"Census Tract 1111, Bexar County, Texas",4099,3331,2447,222,50,147,3,462,768,740,29,47,49,1,592,2,2,0,3,0,0,4,0,5,6,28,5,0,0,2,0,0,21,0,0,0,0,0,0,0,0,0,0,0,0,0,0,0,0,0,0,0,0,0,0,0,0,0,0,0,0,0,0,0,0,0,0,0,0,0,0,27653598.5292969,24820.2730384129
8,48,029,120100,48029120100,1201,Census Tract,G5020,S,13443910,12024,+29.4608965,-098.4383400,"Census Tract 1201, Bexar County, Texas",7464,6679,4235,1215,72,473,53,631,785,711,132,78,117,10,291,16,12,3,19,0,3,3,18,9,0,67,14,8,11,10,0,3,5,8,5,0,0,0,2,0,0,1,0,0,0,0,7,1,1,5,0,0,0,0,0,0,0,0,0,0,0,0,0,0,0,0,0,0,0,0,0,144798947.53125,76994.5625901019
9,48,029,120301,48029120301,1203.01,Census Tract,G5020,S,1670890,0,+29.4845510,-098.4624194,"Census Tract 1203.01, Bexar County, Texas",2989,2547,2242,47,11,105,1,141,442,415,16,35,39,1,315,0,2,0,0,0,0,2,3,2,0,25,0,0,0,0,2,0,13,4,4,0,0,0,2,0,0,0,0,0,0,0,2,0,0,1,0,0,0,0,1,0,0,0,0,0,0,0,0,0,0,0,0,0,0,0,0,17980451.4179688,24089.3903838016
10,48,029,120302,48029120302,1203.02,Census Tract,G5020,S,3083902,0,+29.4818167,-098.4711716,"Census Tract 1203.02, Bexar County, Texas",4371,3798,3572,27,6,63,0,130,573,553,23,54,55,0,406,2,0,0,3,0,0,2,0,4,4,20,1,0,1,3,1,0,8,5,1,0,0,0,0,0,0,0,0,0,0,0,0,0,0,0,0,0,0,0,0,0,0,0,0,0,0,0,0,0,0,0,0,0,0,0,0,33185863.7890625,28190.0816230541
11,48,029,120401,48029120401,1204.01,Census Tract,G5020,S,1746390,0,+29.4752163,-098.4394574,"Census Tract 1204.01, Bexar County, Texas",2595,2182,1879,82,22,61,5,133,413,380,16,18,33,0,299,0,1,1,6,0,0,4,2,0,0,25,8,3,0,5,0,0,4,1,4,0,0,0,0,0,0,0,0,0,0,0,7,0,0,5,1,0,0,0,1,0,0,0,0,0,0,0,1,0,1,0,0,0,0,0,0,18792918.4414062,23542.0821107649
12,48,029,120402,48029120402,1204.02,Census Tract,G5020,S,2954937,0,+29.4766443,-098.4510467,"Census Tract 1204.02, Bexar County, Texas",3365,3011,2874,7,11,55,0,64,354,342,9,23,25,0,279,0,1,1,0,0,1,0,0,3,0,9,2,0,0,0,0,0,6,0,1,0,0,0,0,0,0,0,0,0,0,0,2,1,0,1,0,0,0,0,0,0,0,0,0,0,0,0,1,1,0,0,0,0,0,0,0,31798079.4902344,23305.0449439635
13,48,029,120502,48029120502,1205.02,Census Tract,G5020,S,3308099,0,+29.5045334,-098.4076210,"Census Tract 1205.02, Bexar County, Texas",5395,4325,2026,825,61,164,8,1241,1070,1021,48,51,26,12,838,7,0,2,26,0,0,10,0,0,1,47,10,1,0,15,1,0,15,3,1,1,0,0,0,0,0,0,0,0,0,0,1,0,0,0,0,0,1,0,0,0,0,0,0,0,0,0,1,1,0,0,0,0,0,0,0,35598587.109375,33260.5876509867
14,48,029,120503,48029120503,1205.03,Census Tract,G5020,S,1462578,0,+29.4902303,-098.4250679,"Census Tract 1205.03, Bexar County, Texas",3351,2672,1381,501,27,140,3,620,679,656,39,32,23,4,524,5,0,1,17,1,0,4,3,2,1,21,2,1,0,3,2,1,8,0,4,0,0,0,0,0,0,0,0,0,0,0,2,1,0,1,0,0,0,0,0,0,0,0,0,0,0,0,0,0,0,0,0,0,0,0,0,15738755.4375,16920.4330674461
15,48,029,120504,48029120504,1205.04,Census Tract,G5020,S,4940400,3098,+29.4802095,-098.4092998,"Census Tract 1205.04, Bexar County, Texas",4876,3783,2188,520,71,153,16,835,1093,1058,36,45,12,6,905,6,2,0,24,1,0,16,3,2,0,32,5,0,2,8,2,0,10,0,4,1,0,0,0,0,0,0,0,0,0,0,3,0,0,1,0,0,0,0,2,0,0,0,0,0,0,0,0,0,0,0,0,0,0,0,0,53196946.3125,45128.930720587
16,48,029,120601,48029120601,1206.01,Census Tract,G5020,S,1238166,1750,+29.4904654,-098.4370039,"Census Tract 1206.01, Bexar County, Texas",2719,2175,1330,333,44,97,12,359,544,509,37,38,32,1,379,3,3,0,10,0,0,4,0,1,1,26,4,0,0,5,3,0,9,1,4,0,0,0,0,0,0,0,0,0,0,0,9,0,0,5,0,0,0,0,4,0,0,0,0,0,0,0,0,0,0,0,0,0,0,0,0,13342753.3945312,14535.3172833952
17,48,029,120602,48029120602,1206.02,Census Tract,G5020,S,2049219,0,+29.4901762,-098.4507247,"Census Tract 1206.02, Bexar County, Texas",3927,3172,2625,153,26,134,0,234,755,709,41,47,39,2,556,3,6,0,3,4,0,3,1,4,0,42,1,4,0,1,0,0,31,0,2,1,0,0,2,0,0,0,0,0,0,0,3,2,0,0,0,0,0,0,0,0,0,1,0,0,0,0,1,0,1,0,0,0,0,0,0,22051614.4453125,19035.0531390496
18,48,029,120701,48029120701,1207.01,Census Tract,G5020,S,3419319,0,+29.5128694,-098.4694577,"Census Tract 1207.01, Bexar County, Texas",5622,4222,2979,204,82,201,2,754,1400,1358,39,41,43,1,1192,12,3,1,9,0,0,12,1,0,4,38,1,2,1,5,1,0,22,0,3,2,0,0,0,0,1,0,0,0,0,0,4,0,0,1,0,0,0,0,0,2,0,1,0,0,0,0,0,0,0,0,0,0,0,0,0,36795410.7285156,27583.2222644569
19,48,029,120702,48029120702,1207.02,Census Tract,G5020,S,3415962,52344,+29.5023634,-098.4721164,"Census Tract 1207.02, Bexar County, Texas",4699,3836,3211,171,18,169,5,262,863,828,21,42,64,8,678,3,0,0,7,1,0,1,3,0,0,30,0,1,0,5,0,0,13,3,6,0,2,0,0,0,0,0,0,0,0,0,5,0,0,3,0,2,0,0,0,0,0,0,0,0,0,0,0,0,0,0,0,0,0,0,0,37322482.4277344,26964.3736250436
20,48,029,120800,48029120800,1208,Census Tract,G5020,S,4842036,0,+29.5051740,-098.4462650,"Census Tract 1208, Bexar County, Texas",7074,5895,5225,185,39,151,5,290,1179,1140,26,103,66,1,905,11,2,2,12,0,0,9,0,3,0,30,0,1,0,3,4,0,21,1,0,0,0,0,0,0,0,0,0,0,0,0,9,5,0,4,0,0,0,0,0,0,0,0,0,0,0,0,0,0,0,0,0,0,0,0,0,52105281.5820312,27905.8856026608
21,48,029,120901,48029120901,1209.01,Census Tract,G5020,S,1924551,6483,+29.5220154,-098.4373700,"Census Tract 1209.01, Bexar County, Texas",2079,1616,1166,144,19,75,2,210,463,457,11,9,8,5,406,5,0,0,4,0,0,5,0,1,3,5,1,2,0,0,0,0,2,0,0,0,0,0,0,0,0,0,0,0,0,0,1,0,0,1,0,0,0,0,0,0,0,0,0,0,0,0,0,0,0,0,0,0,0,0,0,20779936.8964844,23290.1403675502
22,48,029,120902,48029120902,1209.02,Census Tract,G5020,S,4684883,16619,+29.5050630,-098.4248500,"Census Tract 1209.02, Bexar County, Texas",6928,5758,3442,1055,64,256,20,921,1170,1120,82,60,30,8,882,11,7,0,21,0,1,5,6,7,0,41,12,3,0,7,0,1,14,0,4,0,0,0,0,0,0,0,0,0,0,0,9,3,0,6,0,0,0,0,0,0,0,0,0,0,0,0,0,0,0,0,0,0,0,0,0,50592955.0761719,35168.6260299679
23,48,029,121000,48029121000,1210,Census Tract,G5020,S,6640253,33515,+29.5322204,-098.4454653,"Census Tract 1210, Bexar County, Texas",6926,5091,3383,503,69,144,12,980,1835,1761,54,97,53,1,1485,2,7,0,27,2,0,22,2,7,2,70,14,2,0,15,1,0,27,1,3,4,0,0,0,2,1,0,0,0,0,0,4,0,0,4,0,0,0,0,0,0,0,0,0,0,0,0,0,0,0,0,0,0,0,0,0,71816717.8417969,39167.2614985591
24,48,029,121110,48029121110,1211.10,Census Tract,G5020,S,4523691,19688,+29.5839096,-098.4146871,"Census Tract 1211.10, Bexar County, Texas",5175,3835,2895,282,33,106,10,509,1340,1266,50,76,63,4,1027,2,1,0,21,2,0,6,5,9,0,73,9,0,1,17,0,1,38,0,7,0,0,0,0,0,0,0,0,0,0,0,1,1,0,0,0,0,0,0,0,0,0,0,0,0,0,0,0,0,0,0,0,0,0,0,0,48891854.4609375,31377.649859517
25,48,029,121111,48029121111,1211.11,Census Tract,G5020,S,3787806,4216,+29.5676254,-098.3987467,"Census Tract 1211.11, Bexar County, Texas",6739,4993,3311,450,68,126,18,1020,1746,1671,60,76,64,2,1413,3,1,1,31,0,0,8,4,3,5,74,10,0,0,14,2,0,33,1,13,0,0,0,0,0,0,0,0,1,0,0,1,1,0,0,0,0,0,0,0,0,0,0,0,0,0,0,0,0,0,0,0,0,0,0,0,40806335.6074219,33037.7170173396
26,48,029,121112,48029121112,1211.12,Census Tract,G5020,S,4977305,157432,+29.5506479,-098.4207674,"Census Tract 1211.12, Bexar County, Texas",3995,3165,2121,442,38,117,12,435,830,789,46,36,26,5,652,0,3,2,6,0,0,6,5,2,0,38,6,2,0,0,2,0,17,0,7,2,0,0,0,0,2,0,0,0,0,0,3,2,0,0,0,0,0,0,1,0,0,0,0,0,0,0,0,0,0,0,0,0,0,0,0,55255308.0527344,36849.8607015915
27,48,029,121115,48029121115,1211.15,Census Tract,G5020,S,2485544,3273,+29.5755848,-098.4529264,"Census Tract 1211.15, Bexar County, Texas",5100,4067,3420,198,41,102,2,304,1033,989,48,86,50,0,776,1,13,2,3,0,0,4,6,0,0,38,6,9,0,4,0,0,12,0,4,1,0,0,2,0,0,0,0,0,0,0,6,0,0,6,0,0,0,0,0,0,0,0,0,0,0,0,0,0,0,0,0,0,0,0,0,26782417.8085938,22441.8928301439
28,48,029,121116,48029121116,1211.16,Census Tract,G5020,S,3194649,903,+29.5836611,-098.4651552,"Census Tract 1211.16, Bexar County, Texas",4845,3732,2965,183,51,80,7,446,1113,1084,60,80,40,3,855,5,2,1,21,1,0,6,2,8,0,26,6,0,0,5,0,1,11,0,2,0,0,0,1,0,0,0,0,0,0,0,3,0,0,3,0,0,0,0,0,0,0,0,0,0,0,0,0,0,0,0,0,0,0,0,0,34387742.0351562,23677.8152893853
29,48,029,121117,48029121117,1211.17,Census Tract,G5020,S,2436935,17700,+29.5957070,-098.4622931,"Census Tract 1211.17, Bexar County, Texas",4482,3448,2639,272,28,128,17,364,1034,963,34,57,41,13,791,5,5,0,8,0,0,1,6,0,2,65,13,3,0,15,7,0,19,2,6,0,0,0,0,0,0,0,0,0,0,0,5,2,0,1,0,0,0,0,0,0,2,0,0,0,0,0,1,1,0,0,0,0,0,0,0,26414684.109375,23731.8921572746
30,48,029,121118,48029121118,1211.18,Census Tract,G5020,S,4730571,8263,+29.5964191,-098.4439245,"Census Tract 1211.18, Bexar County, Texas",5688,4577,3484,390,53,188,12,450,1111,1061,53,65,49,4,839,9,3,1,15,0,1,13,5,4,0,46,8,12,0,9,0,0,15,0,0,0,1,0,0,0,1,0,0,0,0,0,1,0,0,1,0,0,0,0,0,0,0,0,0,0,0,0,3,3,0,0,0,0,0,0,0,50995294.9316406,47732.9781708729
31,48,029,121119,48029121119,1211.19,Census Tract,G5020,S,4319962,51079,+29.5603056,-098.4519095,"Census Tract 1211.19, Bexar County, Texas",5325,4028,2989,311,50,142,10,526,1297,1250,68,81,57,10,987,0,4,1,18,2,0,8,5,9,0,47,1,2,0,11,1,0,22,2,4,0,1,0,1,1,0,0,0,0,0,1,0,0,0,0,0,0,0,0,0,0,0,0,0,0,0,0,0,0,0,0,0,0,0,0,0,47037154.0332031,34501.897205231
32,48,029,121120,48029121120,1211.20,Census Tract,G5020,S,4520266,1543,+29.5575482,-098.4372455,"Census Tract 1211.20, Bexar County, Texas",5039,3806,2828,215,71,139,5,548,1233,1185,34,76,44,4,975,4,9,1,24,0,0,6,0,8,0,42,3,9,0,2,2,3,15,3,2,0,0,0,0,0,3,0,0,0,0,0,6,0,0,4,1,1,0,0,0,0,0,0,0,0,0,0,0,0,0,0,0,0,0,0,0,48659575.1542969,28699.6862922509
33,48,029,121121,48029121121,1211.21,Census Tract,G5020,S,2494233,4829,+29.5889924,-098.4322372,"Census Tract 1211.21, Bexar County, Texas",2843,2254,1964,95,13,58,2,122,589,564,35,52,28,0,431,2,2,0,11,0,0,3,0,0,0,22,0,0,0,4,7,0,5,2,0,1,0,0,3,0,0,0,0,0,0,0,1,0,0,0,0,0,0,1,0,0,0,0,0,0,0,0,2,0,2,0,0,0,0,0,0,26892728.2089844,29124.5997617261
34,48,029,121122,48029121122,1211.22,Census Tract,G5020,S,3104264,0,+29.5751076,-098.4263308,"Census Tract 1211.22, Bexar County, Texas",5165,3892,3140,217,67,113,6,349,1273,1222,13,81,56,0,1030,2,5,0,16,2,0,9,6,2,0,46,3,1,0,3,1,0,34,1,3,0,0,0,0,0,0,0,0,0,0,0,5,1,1,3,0,0,0,0,0,0,0,0,0,0,0,0,0,0,0,0,0,0,0,0,0,33405326.3105469,25127.8062730281
35,48,029,121123,48029121123,1211.23,Census Tract,G5020,S,2798521,1526,+29.5677653,-098.4725428,"Census Tract 1211.23, Bexar County, Texas",4528,3547,2636,307,59,145,15,385,981,936,35,40,38,0,780,5,3,0,27,0,0,4,0,2,2,44,16,7,0,7,0,0,13,0,0,0,1,0,0,0,0,0,0,0,0,0,0,0,0,0,0,0,0,0,0,0,0,0,0,0,0,0,1,0,1,0,0,0,0,0,0,30131609.0214844,27463.4249967436
36,48,029,121124,48029121124,1211.24,Census Tract,G5020,S,1377051,0,+29.5675276,-098.4644949,"Census Tract 1211.24, Bexar County, Texas",2664,2105,1809,52,22,65,9,148,559,539,17,25,29,0,446,0,4,0,8,0,0,2,3,5,0,17,1,4,0,0,1,0,8,0,2,0,0,0,1,0,0,0,0,0,0,0,2,0,0,2,0,0,0,0,0,0,0,0,0,0,0,0,1,0,1,0,0,0,0,0,0,14818614.34375,16812.2168325989
37,48,029,121203,48029121203,1212.03,Census Tract,G5020,S,7475736,6223,+29.5259958,-098.4004284,"Census Tract 1212.03, Bexar County, Texas",4769,3718,2081,444,83,76,11,1023,1051,1024,56,38,32,0,849,3,5,0,22,1,0,12,1,5,0,25,3,0,0,6,0,0,15,0,0,0,0,0,0,0,1,0,0,0,0,0,2,0,0,0,0,2,0,0,0,0,0,0,0,0,0,0,0,0,0,0,0,0,0,0,0,80513811.2832031,46062.8039664148
38,48,029,121204,48029121204,1212.04,Census Tract,G5020,S,4361208,28785,+29.5294446,-098.4201274,"Census Tract 1212.04, Bexar County, Texas",8569,6850,3528,1815,101,143,19,1244,1719,1638,99,95,49,7,1278,19,14,0,44,0,0,20,1,6,6,74,14,3,3,13,0,0,29,1,6,3,0,0,1,0,0,0,0,1,0,0,3,0,0,3,0,0,0,0,0,0,0,0,0,0,0,0,4,0,4,0,0,0,0,0,0,47240903.3632812,28558.8605308605
39,48,029,121205,48029121205,1212.05,Census Tract,G5020,S,2937649,37809,+29.5402233,-098.4076217,"Census Tract 1212.05, Bexar County, Texas",3603,2795,1533,566,53,65,8,570,808,776,38,44,14,0,613,7,3,0,28,4,0,8,2,7,8,30,1,3,2,6,3,0,13,0,0,0,0,0,2,0,0,0,0,0,0,0,2,0,0,0,2,0,0,0,0,0,0,0,0,0,0,0,0,0,0,0,0,0,0,0,0,32019101.6640625,24848.7667956865
40,48,029,121206,48029121206,1212.06,Census Tract,G5020,S,4131108,44314,+29.5538361,-098.3916070,"Census Tract 1212.06, Bexar County, Texas",7226,5139,3407,424,97,87,11,1113,2087,2032,73,105,36,5,1738,15,6,0,41,2,0,7,0,3,1,52,7,2,1,8,2,0,24,2,5,0,0,0,1,0,0,0,0,0,0,0,3,0,0,3,0,0,0,0,0,0,0,0,0,0,0,0,0,0,0,0,0,0,0,0,0,44932031.6601562,28003.9897574741
41,48,029,121300,48029121300,1213,Census Tract,G5020,S,5103060,4086,+29.5196989,-098.3839956,"Census Tract 1213, Bexar County, Texas",6483,5067,3359,709,47,203,10,739,1416,1359,71,66,43,4,1098,11,3,3,32,1,0,15,9,3,0,53,7,2,0,13,3,0,20,3,0,2,1,0,0,0,2,0,0,0,0,0,4,1,0,1,0,2,0,0,0,0,0,0,0,0,0,0,0,0,0,0,0,0,0,0,0,54958207.8164062,30207.0807661558
42,48,029,121402,48029121402,1214.02,Census Tract,G5020,S,4573411,19180,+29.4932430,-098.3675920,"Census Tract 1214.02, Bexar County, Texas",9534,7172,2943,1594,166,589,32,1848,2362,2271,111,69,59,3,1876,14,32,0,55,5,0,23,11,8,5,86,9,2,0,26,0,0,29,0,11,3,0,0,0,0,5,0,0,0,0,1,4,1,0,2,0,1,0,0,0,0,0,0,0,0,0,0,1,1,0,0,0,0,0,0,0,49420875.6953125,31966.4549253858
43,48,029,121403,48029121403,1214.03,Census Tract,G5020,S,4504203,8119,+29.5033956,-098.3839005,"Census Tract 1214.03, Bexar County, Texas",5419,4360,1797,1256,48,362,18,879,1059,1016,92,49,27,5,768,7,10,0,27,0,0,20,5,5,1,41,8,0,0,8,0,0,18,1,4,0,0,0,1,0,0,0,0,0,0,1,1,0,0,0,1,0,0,0,0,0,0,0,0,0,0,0,1,1,0,0,0,0,0,0,0,48557151.8769531,31817.5846270838
44,48,029,121404,48029121404,1214.04,Census Tract,G5020,S,6661549,390,+29.4788025,-098.3925101,"Census Tract 1214.04, Bexar County, Texas",5145,3944,1499,1219,69,131,5,1021,1201,1149,39,41,15,1,978,10,3,6,30,0,0,13,5,7,1,46,18,4,0,12,2,0,7,0,0,0,1,0,2,0,0,0,0,0,0,0,3,0,0,3,0,0,0,0,0,0,0,0,0,0,0,0,3,1,2,0,0,0,0,0,0,71689103.3515625,36876.1443057202
45,48,029,121501,48029121501,1215.01,Census Tract,G5020,S,6210753,21080,+29.5401425,-098.3496953,"Census Tract 1215.01, Bexar County, Texas",9828,7586,4411,1529,93,549,34,970,2242,2094,118,131,110,3,1595,32,22,2,50,0,0,7,11,10,3,133,14,17,0,32,8,0,33,4,17,5,2,0,1,0,0,0,0,0,0,0,12,1,0,8,0,1,0,0,0,0,2,0,0,0,0,0,3,3,0,0,0,0,0,0,0,67061121.6328125,35422.3805046091
46,48,029,121504,48029121504,1215.04,Census Tract,G5020,S,3893704,0,+29.5296986,-098.3625187,"Census Tract 1215.04, Bexar County, Texas",8233,6500,3520,1388,77,416,30,1069,1733,1651,109,64,70,2,1309,20,16,0,32,1,0,16,8,2,2,72,12,3,1,12,7,0,29,1,7,0,0,0,0,0,0,0,0,0,0,0,10,2,0,8,0,0,0,0,0,0,0,0,0,0,0,0,0,0,0,0,0,0,0,0,0,41900342.7128906,32689.4278667663
47,48,029,121505,48029121505,1215.05,Census Tract,G5020,S,3230778,97780,+29.5231183,-098.3287891,"Census Tract 1215.05, Bexar County, Texas",5372,4112,2502,578,59,148,38,787,1260,1195,75,71,55,2,919,1,6,0,34,0,0,12,15,5,0,65,7,2,5,17,0,2,20,1,7,1,1,0,1,1,0,0,0,0,0,0,0,0,0,0,0,0,0,0,0,0,0,0,0,0,0,0,0,0,0,0,0,0,0,0,0,35818759.0546875,26058.6684328208
48,48,029,121506,48029121506,1215.06,Census Tract,G5020,S,2584971,16549,+29.5140381,-098.3453004,"Census Tract 1215.06, Bexar County, Texas",5795,4610,2539,905,92,109,10,955,1185,1134,74,47,33,3,929,5,3,3,19,1,0,14,2,1,0,39,10,1,0,12,0,0,13,0,0,1,0,0,0,0,0,0,1,1,0,0,12,0,0,12,0,0,0,0,0,0,0,0,0,0,0,0,0,0,0,0,0,0,0,0,0,27995025.3183594,26561.5006495941
49,48,029,121507,48029121507,1215.07,Census Tract,G5020,S,2659634,10404,+29.5133523,-098.3577773,"Census Tract 1215.07, Bexar County, Texas",5413,4087,2249,847,59,125,14,793,1326,1270,59,79,38,4,1017,11,5,4,32,0,0,12,0,8,1,48,8,1,0,7,0,2,23,2,5,0,0,0,0,0,0,0,0,0,0,0,3,0,0,1,0,0,0,0,2,0,0,0,0,0,0,0,5,0,5,0,0,0,0,0,0,28732325.140625,23512.273457122
50,48,029,121508,48029121508,1215.08,Census Tract,G5020,S,2233145,0,+29.5064099,-098.3583017,"Census Tract 1215.08, Bexar County, Texas",5312,4271,2033,1153,65,97,31,892,1041,993,78,40,13,1,759,10,13,1,44,0,0,21,5,8,0,40,4,1,0,6,6,0,11,0,7,0,0,0,2,1,0,0,2,0,0,0,8,3,3,2,0,0,0,0,0,0,0,0,0,0,0,0,0,0,0,0,0,0,0,0,0,24030923.7695312,21127.8190184914
51,48,029,121601,48029121601,1216.01,Census Tract,G5020,S,3695911,21012,+29.5465067,-098.3022240,"Census Tract 1216.01, Bexar County, Texas",4694,3650,2323,493,78,166,13,577,1044,981,95,62,64,4,692,3,12,0,34,0,0,10,3,2,0,58,9,7,0,5,4,1,17,0,8,0,0,0,1,0,3,0,0,2,0,1,4,0,0,4,0,0,0,0,0,0,0,0,0,0,0,0,1,0,0,0,0,0,1,0,0,39998043.9296875,37733.2773838504
52,48,029,121604,48029121604,1216.04,Census Tract,G5020,S,4871226,12022,+29.5299609,-098.3136329,"Census Tract 1216.04, Bexar County, Texas",9768,7566,4330,1605,109,354,79,1089,2202,2055,173,134,151,24,1452,14,18,7,38,2,0,18,9,11,4,135,27,10,0,40,7,0,19,9,20,1,0,0,0,0,2,0,0,0,0,0,12,0,0,1,1,0,0,0,1,4,5,0,0,0,0,0,0,0,0,0,0,0,0,0,0,52548878.0136719,28620.6543223331
53,48,029,121605,48029121605,1216.05,Census Tract,G5020,S,2834494,94451,+29.5450746,-098.3301548,"Census Tract 1216.05, Bexar County, Texas",2161,1688,1246,171,20,43,5,203,473,444,12,35,24,0,350,0,6,0,9,0,0,6,0,2,0,27,5,3,0,5,3,0,6,0,1,0,0,0,2,0,0,0,2,0,0,0,2,0,0,2,0,0,0,0,0,0,0,0,0,0,0,0,0,0,0,0,0,0,0,0,0,31518547.1035156,26949.4876548522
54,48,029,121606,48029121606,1216.06,Census Tract,G5020,S,2860427,0,+29.5564710,-098.3365299,"Census Tract 1216.06, Bexar County, Texas",5210,4009,2624,628,37,170,34,516,1201,1158,63,79,66,8,862,4,13,4,29,0,0,19,8,1,2,34,2,0,0,6,2,0,20,1,3,0,0,0,0,0,0,0,0,0,0,0,6,0,2,0,0,1,0,0,1,1,1,0,0,0,0,0,3,3,0,0,0,0,0,0,0,30781303.75,25722.9010077167
55,48,029,121701,48029121701,1217.01,Census Tract,G5020,S,3198064,16120,+29.5561412,-098.2899064,"Census Tract 1217.01, Bexar County, Texas",3885,2998,2253,214,43,94,9,385,887,823,45,81,44,11,624,9,0,1,6,0,0,2,0,0,0,52,7,4,1,3,3,0,16,0,8,5,0,0,1,0,0,0,0,3,1,0,10,0,0,10,0,0,0,0,0,0,0,0,0,0,0,0,2,0,2,0,0,0,0,0,0,34588079.5546875,34852.6871373062
56,48,029,121702,48029121702,1217.02,Census Tract,G5020,S,6156899,6815,+29.5691658,-098.3147824,"Census Tract 1217.02, Bexar County, Texas",7093,5665,4126,610,69,264,40,556,1428,1383,74,122,87,14,1032,4,12,1,24,1,0,1,5,4,2,43,3,7,0,16,0,0,14,0,1,0,2,0,0,0,0,0,0,0,0,0,2,1,0,0,1,0,0,0,0,0,0,0,0,0,0,0,0,0,0,0,0,0,0,0,0,66328361.9609375,35796.2730565445
57,48,029,121802,48029121802,1218.02,Census Tract,G5020,S,8697876,58098,+29.5715750,-098.3539705,"Census Tract 1218.02, Bexar County, Texas",10663,8040,4725,1144,160,466,34,1511,2623,2484,156,127,85,8,1982,15,9,1,48,0,0,38,12,3,0,127,13,10,0,30,3,0,42,12,12,0,0,0,5,0,0,0,0,0,0,0,12,3,0,9,0,0,0,0,0,0,0,0,0,0,0,0,0,0,0,0,0,0,0,0,0,94223913.3886719,39137.4079720174
58,48,029,121803,48029121803,1218.03,Census Tract,G5020,S,2932047,4748,+29.5545090,-098.3657499,"Census Tract 1218.03, Bexar County, Texas",4776,3646,2234,458,48,75,16,815,1130,1092,59,76,37,2,884,0,4,0,19,0,0,6,2,3,0,38,1,0,0,10,2,0,20,0,3,0,0,0,2,0,0,0,0,0,0,0,0,0,0,0,0,0,0,0,0,0,0,0,0,0,0,0,0,0,0,0,0,0,0,0,0,31603100.7558594,22903.6374134658
59,48,029,121804,48029121804,1218.04,Census Tract,G5020,S,2412872,0,+29.5670519,-098.3757437,"Census Tract 1218.04, Bexar County, Texas",6844,5146,3114,835,54,125,15,1003,1698,1643,111,82,62,2,1301,4,5,2,38,2,0,18,11,0,5,55,8,4,5,5,0,1,17,4,8,0,3,0,0,0,0,0,0,0,0,0,0,0,0,0,0,0,0,0,0,0,0,0,0,0,0,0,0,0,0,0,0,0,0,0,0,25965132.5546875,21201.0916997022
60,48,029,121808,48029121808,1218.08,Census Tract,G5020,S,1634421,0,+29.5843036,-098.3897143,"Census Tract 1218.08, Bexar County, Texas",3132,2410,1645,218,29,140,6,372,722,686,32,44,32,1,544,4,3,2,9,0,0,12,2,1,0,30,2,0,0,3,5,0,17,0,2,0,0,0,0,0,1,0,0,0,0,0,4,0,0,3,0,1,0,0,0,0,0,0,0,0,0,0,2,0,2,0,0,0,0,0,0,17588206.5273438,20430.6205795613
61,48,029,121809,48029121809,1218.09,Census Tract,G5020,S,1967458,0,+29.5780965,-098.3821413,"Census Tract 1218.09, Bexar County, Texas",4942,3772,2612,284,46,191,11,628,1170,1139,40,52,33,0,966,4,1,0,25,1,1,11,0,3,2,28,2,2,0,4,0,0,15,1,3,1,0,0,0,0,0,0,0,0,0,0,3,0,0,0,0,3,0,0,0,0,0,0,0,0,0,0,0,0,0,0,0,0,0,0,0,21172067.3613281,18975.323551893
62,48,029,121810,48029121810,1218.10,Census Tract,G5020,S,2096389,5603,+29.5917124,-098.4031624,"Census Tract 1218.10, Bexar County, Texas",4322,3171,2294,229,29,127,7,485,1151,1115,38,60,39,5,924,3,9,0,23,3,0,2,7,2,0,35,4,0,0,4,0,1,17,5,0,3,1,0,0,0,0,0,0,0,0,0,0,0,0,0,0,0,0,0,0,0,0,0,0,0,0,0,1,0,1,0,0,0,0,0,0,22619850.9941406,24664.2437066678
63,48,029,121811,48029121811,1218.11,Census Tract,G5020,S,2651246,1357,+29.5948397,-098.3930616,"Census Tract 1218.11, Bexar County, Texas",5543,4172,2797,533,53,225,12,552,1371,1314,81,55,64,6,1056,1,4,0,21,1,0,17,2,6,0,56,3,6,0,11,3,0,13,1,14,1,1,0,0,1,0,1,0,0,0,1,1,0,0,0,0,0,0,0,1,0,0,0,0,0,0,0,0,0,0,0,0,0,0,0,0,28545036.5664062,22193.2428144597
64,48,029,121812,48029121812,1218.12,Census Tract,G5020,S,3458608,0,+29.5902083,-098.3673202,"Census Tract 1218.12, Bexar County, Texas",6136,4578,3238,398,122,123,4,693,1558,1499,62,77,52,13,1254,13,8,2,10,0,0,8,0,0,0,50,1,0,0,13,0,0,22,5,9,0,0,0,0,0,0,0,0,0,0,0,9,2,0,7,0,0,0,0,0,0,0,0,0,0,0,0,0,0,0,0,0,0,0,0,0,37218515.1992188,25817.4190264171
65,48,029,121813,48029121813,1218.13,Census Tract,G5020,S,1900238,0,+29.5993927,-098.3733467,"Census Tract 1218.13, Bexar County, Texas",1745,1274,1009,76,22,24,2,141,471,453,4,46,13,0,381,2,1,0,1,2,0,3,0,0,0,14,2,0,0,1,0,0,9,0,2,0,0,0,0,0,0,0,0,0,0,0,4,1,0,2,0,0,0,1,0,0,0,0,0,0,0,0,0,0,0,0,0,0,0,0,0,20448730.1464844,22283.5246766235
66,48,029,121903,48029121903,1219.03,Census Tract,G5020,S,8319094,0,+29.6212645,-098.4316515,"Census Tract 1219.03, Bexar County, Texas",6040,4713,3770,265,29,300,24,325,1327,1266,46,94,67,9,1005,2,6,0,22,3,0,8,0,1,3,56,2,9,0,7,6,0,18,5,8,1,0,0,0,0,0,0,0,0,0,0,5,0,0,5,0,0,0,0,0,0,0,0,0,0,0,0,0,0,0,0,0,0,0,0,0,89523350.7597656,49002.7308640661
67,48,029,121904,48029121904,1219.04,Census Tract,G5020,S,1923220,0,+29.6371627,-098.4432638,"Census Tract 1219.04, Bexar County, Texas",3925,3058,2257,169,21,376,7,228,867,814,36,39,70,14,633,0,1,0,7,2,1,3,4,4,0,50,0,2,0,9,4,0,19,0,16,0,0,0,0,0,0,0,0,0,0,0,3,0,0,3,0,0,0,0,0,0,0,0,0,0,0,0,0,0,0,0,0,0,0,0,0,20696206.8925781,27641.7553181213
68,48,029,121905,48029121905,1219.05,Census Tract,G5020,S,7888311,674,+29.6535643,-098.4302740,"Census Tract 1219.05, Bexar County, Texas",7517,5979,4009,522,37,942,24,445,1538,1453,62,57,91,7,1167,11,20,0,18,1,2,7,4,4,2,78,6,6,1,15,8,0,28,4,6,0,0,0,0,1,3,0,0,0,0,0,7,0,0,5,0,1,0,0,0,1,0,0,0,0,0,0,0,0,0,0,0,0,0,0,0,84895364.9316406,47452.0533542788
69,48,029,121906,48029121906,1219.06,Census Tract,G5020,S,6442256,893,+29.6137745,-098.4505324,"Census Tract 1219.06, Bexar County, Texas",7183,5705,4131,466,55,481,11,561,1478,1391,32,91,133,10,1069,5,4,1,10,0,3,20,3,7,3,73,11,6,2,8,3,0,30,3,6,0,0,0,3,0,1,0,0,0,0,0,14,2,0,10,0,2,0,0,0,0,0,0,0,0,0,0,0,0,0,0,0,0,0,0,0,69335922.90625,38841.1711085682
70,48,029,121908,48029121908,1219.08,Census Tract,G5020,S,42672127,76952,+29.7060361,-098.3989960,"Census Tract 1219.08, Bexar County, Texas",3410,2766,2320,120,18,119,2,187,644,618,20,33,39,1,508,0,2,0,5,0,0,8,0,2,0,25,1,0,0,2,0,0,20,0,2,0,0,0,0,0,0,0,0,0,0,0,0,0,0,0,0,0,0,0,0,0,0,0,0,0,0,0,1,0,1,0,0,0,0,0,0,460039551.474609,131467.145872278
71,48,029,121909,48029121909,1219.09,Census Tract,G5020,S,12481135,10844,+29.5903859,-098.3321236,"Census Tract 1219.09, Bexar County, Texas",8859,6965,4250,1186,82,497,42,908,1894,1805,125,85,106,2,1401,20,8,1,26,3,0,14,4,9,1,81,13,6,1,12,3,0,27,16,3,0,0,0,0,0,0,0,0,0,0,0,8,0,0,3,3,0,0,0,2,0,0,0,0,0,0,0,0,0,0,0,0,0,0,0,0,134427916.580078,49210.0145687318
72,48,029,121910,48029121910,1219.10,Census Tract,G5020,S,28552134,117159,+29.6184796,-098.4045600,"Census Tract 1219.10, Bexar County, Texas",8817,6759,4687,510,83,779,5,695,2058,1951,84,110,137,9,1525,5,23,1,36,1,0,12,8,0,0,99,16,8,0,9,0,0,31,10,15,1,2,0,4,1,0,0,0,0,2,0,7,0,0,7,0,0,0,0,0,0,0,0,0,0,0,0,1,0,1,0,0,0,0,0,0,308515798.541016,85339.1347514617
73,48,029,121911,48029121911,1219.11,Census Tract,G5020,S,13590891,10254,+29.6749931,-098.4305637,"Census Tract 1219.11, Bexar County, Texas",9375,7349,5101,794,68,782,29,575,2026,1891,84,124,135,8,1452,0,27,3,23,0,0,18,11,6,0,132,7,24,2,15,4,2,31,8,29,0,1,0,4,5,0,0,0,0,0,0,2,2,0,0,0,0,0,0,0,0,0,0,0,0,0,0,1,0,1,0,0,0,0,0,0,146366163,77663.6433919035
74,48,029,121912,48029121912,1219.12,Census Tract,G5020,S,26907175,119818,+29.6516261,-098.3796360,"Census Tract 1219.12, Bexar County, Texas",12296,9505,6232,1100,92,903,39,1139,2791,2603,150,116,147,11,2061,19,12,3,49,4,1,13,8,9,0,175,20,21,1,24,5,2,45,9,34,2,0,0,3,7,0,0,0,0,0,2,10,2,0,3,0,2,1,0,1,0,1,0,0,0,0,0,3,3,0,0,0,0,0,0,0,290844295.714844,94794.544260605
75,48,029,130200,48029130200,1302,Census Tract,G5020,S,984995,0,+29.4158239,-098.4673756,"Census Tract 1302, Bexar County, Texas",1588,1112,459,188,23,18,0,424,476,463,20,7,4,0,410,3,0,0,5,0,0,11,0,0,3,11,1,0,0,6,0,0,1,0,1,0,1,0,0,0,0,0,0,0,0,1,2,2,0,0,0,0,0,0,0,0,0,0,0,0,0,0,0,0,0,0,0,0,0,0,0,10599476.5859375,13471.4723353881
76,48,029,130300,48029130300,1303,Census Tract,G5020,S,1229365,0,+29.4072451,-098.4672471,"Census Tract 1303, Bexar County, Texas",2945,2246,957,347,50,5,4,883,699,677,16,12,4,0,612,2,7,1,14,2,0,6,0,0,1,14,3,2,0,2,0,1,3,0,2,0,0,0,1,0,0,0,0,0,0,0,8,0,0,4,1,0,0,0,2,1,0,0,0,0,0,0,0,0,0,0,0,0,0,0,0,13229155.3964844,14651.3420704819
77,48,029,130401,48029130401,1304.01,Census Tract,G5020,S,1590769,0,+29.4080416,-098.4543969,"Census Tract 1304.01, Bexar County, Texas",3725,2599,1118,421,73,25,5,957,1126,1097,13,18,3,0,1011,6,2,0,17,0,0,21,0,4,2,28,5,0,0,7,0,2,8,0,4,0,0,0,1,0,0,0,0,1,0,0,0,0,0,0,0,0,0,0,0,0,0,0,0,0,0,0,1,1,0,0,0,0,0,0,0,17118181.8769531,17615.0761353729
78,48,029,130402,48029130402,1304.02,Census Tract,G5020,S,2588653,0,+29.4055239,-098.4405754,"Census Tract 1304.02, Bexar County, Texas",3879,3069,1073,965,48,5,1,977,810,789,20,14,9,1,681,5,3,0,37,0,0,17,2,0,0,17,0,3,1,3,0,0,1,5,3,1,0,0,0,0,0,0,0,0,0,0,4,0,0,4,0,0,0,0,0,0,0,0,0,0,0,0,0,0,0,0,0,0,0,0,0,27856393.8417969,25279.2214541666
79,48,029,130500,48029130500,1305,Census Tract,G5020,S,2284379,0,+29.4192226,-098.4521675,"Census Tract 1305, Bexar County, Texas",4202,3283,1155,1036,54,16,0,1022,919,879,48,27,5,2,751,16,1,1,19,0,2,2,1,0,4,35,8,0,0,9,0,1,11,0,3,0,0,0,2,0,0,0,0,1,0,0,5,0,0,3,0,0,0,2,0,0,0,0,0,0,0,0,0,0,0,0,0,0,0,0,0,24582066.5058594,20041.4939671466
80,48,029,130600,48029130600,1306,Census Tract,G5020,S,2035045,0,+29.4303224,-098.4521996,"Census Tract 1306, Bexar County, Texas",4585,3701,1229,1215,64,19,7,1167,884,862,47,23,1,1,707,17,10,1,38,0,0,13,0,4,0,22,8,0,0,2,1,0,4,2,5,0,0,0,0,0,0,0,0,0,0,0,0,0,0,0,0,0,0,0,0,0,0,0,0,0,0,0,0,0,0,0,0,0,0,0,0,21899064.0039062,19496.3444867685
81,48,029,130700,48029130700,1307,Census Tract,G5020,S,1504557,0,+29.4395119,-098.4512971,"Census Tract 1307, Bexar County, Texas",2342,1805,682,582,57,24,2,458,537,503,20,11,5,1,423,4,10,0,15,1,0,7,2,2,2,30,3,5,0,7,1,0,7,2,4,0,0,0,0,0,0,0,0,1,0,0,4,1,0,2,1,0,0,0,0,0,0,0,0,0,0,0,0,0,0,0,0,0,0,0,0,16190440.2734375,19212.5774915984
82,48,029,130800,48029130800,1308,Census Tract,G5020,S,8492765,19394,+29.4320140,-098.4269439,"Census Tract 1308, Bexar County, Texas",5220,4292,792,2716,85,42,18,639,928,877,68,21,2,7,652,42,8,2,62,0,0,4,5,4,0,51,13,7,0,7,0,0,16,0,2,0,0,0,5,0,0,0,0,0,1,0,0,0,0,0,0,0,0,0,0,0,0,0,0,0,0,0,0,0,0,0,0,0,0,0,0,91599005.5410156,59393.36899623
83,48,029,130900,48029130900,1309,Census Tract,G5020,S,8917665,60483,+29.4373402,-098.4086795,"Census Tract 1309, Bexar County, Texas",5456,4512,1345,2033,88,191,3,852,944,897,71,48,11,6,672,16,6,2,43,0,0,11,7,4,0,38,17,5,0,0,0,2,10,1,3,0,0,0,0,0,0,0,0,0,0,0,9,0,0,9,0,0,0,0,0,0,0,0,0,0,0,0,0,0,0,0,0,0,0,0,0,96613539.1699219,49435.2986301115
84,48,029,131000,48029131000,1310,Census Tract,G5020,S,5560599,0,+29.4174106,-098.4069528,"Census Tract 1310, Bexar County, Texas",5599,4649,1334,2160,76,33,19,1027,950,918,32,22,5,0,786,16,10,4,29,0,0,6,7,1,0,28,9,1,0,12,1,0,2,0,3,0,0,0,0,0,0,0,0,0,0,0,4,0,0,4,0,0,0,0,0,0,0,0,0,0,0,0,0,0,0,0,0,0,0,0,0,59837293.5410156,42006.3337837874
85,48,029,131100,48029131100,1311,Census Tract,G5020,S,2006561,0,+29.4055968,-098.4268221,"Census Tract 1311, Bexar County, Texas",2500,2016,634,833,44,5,2,498,484,470,18,22,4,0,404,0,10,2,9,1,0,0,0,0,0,7,0,0,0,4,1,0,0,0,0,0,0,0,0,0,0,0,0,0,0,2,7,1,0,3,0,2,0,0,1,0,0,0,0,0,0,0,0,0,0,0,0,0,0,0,0,21592442.1757812,31366.2970518035
86,48,029,131200,48029131200,1312,Census Tract,G5020,S,4845631,4121,+29.3981151,-098.4172868,"Census Tract 1312, Bexar County, Texas",3298,2359,959,952,18,5,3,422,939,906,43,22,6,1,805,6,1,0,17,0,0,2,0,0,3,33,0,0,0,14,0,0,13,0,4,0,0,0,1,0,0,0,0,1,0,0,0,0,0,0,0,0,0,0,0,0,0,0,0,0,0,0,0,0,0,0,0,0,0,0,0,52187851.78125,38146.6139038136
87,48,029,131300,48029131300,1313,Census Tract,G5020,S,5346381,0,+29.3925287,-098.3976101,"Census Tract 1313, Bexar County, Texas",5678,4409,1925,1445,71,26,1,941,1269,1224,53,31,8,2,1090,12,6,0,15,0,0,5,0,2,0,43,7,0,0,0,2,2,28,2,2,0,0,0,0,0,0,0,0,0,0,0,1,0,0,0,0,0,0,0,1,0,0,0,0,0,0,0,1,1,0,0,0,0,0,0,0,57532022.1816406,34362.4072790408
88,48,029,131401,48029131401,1314.01,Census Tract,G5020,S,7883426,89935,+29.3722268,-098.3759345,"Census Tract 1314.01, Bexar County, Texas",12055,8673,4479,1874,185,146,31,1958,3382,3241,111,86,42,3,2823,24,11,5,82,0,1,42,0,11,0,131,23,4,0,26,4,0,49,5,11,0,0,0,4,3,1,0,0,1,0,0,10,0,0,6,0,4,0,0,0,0,0,0,0,0,0,0,0,0,0,0,0,0,0,0,0,85800738.3320312,39984.8064239642
89,48,029,131402,48029131402,1314.02,Census Tract,G5020,S,9621385,103203,+29.4058288,-098.3699513,"Census Tract 1314.02, Bexar County, Texas",2964,2232,956,646,30,22,3,575,732,706,31,9,1,0,620,1,1,1,15,0,1,17,6,3,0,23,4,0,0,7,4,0,1,0,7,0,0,0,0,0,0,0,0,0,0,0,2,0,2,0,0,0,0,0,0,0,0,0,0,0,0,0,0,0,0,0,0,0,0,1,1,104645685.798828,46346.8602705008
90,48,029,131503,48029131503,1315.03,Census Tract,G5020,S,2189209,0,+29.4643214,-098.3892136,"Census Tract 1315.03, Bexar County, Texas",3169,2490,1463,406,35,63,8,515,679,666,27,30,19,5,539,5,3,0,17,0,0,9,7,1,4,8,1,0,0,0,0,1,2,2,2,0,0,0,0,0,0,0,0,0,0,0,4,0,0,4,0,0,0,0,0,0,0,0,0,0,0,0,1,1,0,0,0,0,0,0,0,23557994.0097656,21759.9705126157
91,48,029,131504,48029131504,1315.04,Census Tract,G5020,S,4193083,0,+29.4496619,-098.3911612,"Census Tract 1315.04, Bexar County, Texas",4213,3044,1502,653,59,60,10,760,1169,1137,49,29,9,4,978,8,1,0,31,0,0,21,2,5,0,29,5,0,0,2,2,0,7,3,8,0,0,0,0,2,0,0,0,0,0,0,3,1,0,0,0,0,0,0,0,0,1,0,1,0,0,0,0,0,0,0,0,0,0,0,0,45121589.59375,28944.8191512284
92,48,029,131505,48029131505,1315.05,Census Tract,G5020,S,1461142,2526,+29.4735480,-098.3690440,"Census Tract 1315.05, Bexar County, Texas",5179,3744,1290,1409,63,219,16,747,1435,1343,89,41,21,12,1093,18,19,5,32,0,0,9,4,0,0,87,26,7,1,25,4,0,12,6,5,1,0,0,0,0,0,0,0,0,0,0,5,0,0,3,0,0,0,0,1,1,0,0,0,0,0,0,0,0,0,0,0,0,0,0,0,15750527.1640625,15909.1202266186
93,48,029,131506,48029131506,1315.06,Census Tract,G5020,S,9785526,30498,+29.4346963,-098.3723584,"Census Tract 1315.06, Bexar County, Texas",5953,4543,1805,1475,66,122,14,1061,1410,1347,101,48,35,0,1088,9,4,4,33,0,1,18,4,2,0,58,13,2,3,26,1,1,6,1,4,0,0,0,1,0,0,0,0,0,0,0,5,2,0,3,0,0,0,0,0,0,0,0,0,0,0,0,0,0,0,0,0,0,0,0,0,105629760.277344,46952.1061389508
94,48,029,131507,48029131507,1315.07,Census Tract,G5020,S,2165641,781,+29.4632989,-098.3708009,"Census Tract 1315.07, Bexar County, Texas",5998,4498,1843,1084,87,91,6,1387,1500,1438,49,36,8,4,1251,23,8,2,30,1,0,9,1,13,3,59,4,0,1,24,1,0,19,0,6,0,0,0,0,0,4,0,0,0,0,0,2,1,0,0,0,0,0,0,1,0,0,0,0,0,0,0,1,0,0,1,0,0,0,0,0,23312810.5117188,21901.3079352201
95,48,029,131601,48029131601,1316.01,Census Tract,G5020,S,51590175,590007,+29.5031710,-098.2557058,"Census Tract 1316.01, Bexar County, Texas",8623,6868,3741,2204,59,254,40,570,1755,1632,189,123,129,0,1050,22,27,9,55,1,1,16,7,2,1,109,25,18,0,10,5,0,23,7,15,0,4,0,0,0,1,0,0,0,0,1,13,3,0,6,0,1,0,0,1,1,0,1,0,0,0,0,1,0,1,0,0,0,0,0,0,561512120.691406,166393.277317624
96,48,029,131606,48029131606,1316.06,Census Tract,G5020,S,10042142,121032,+29.4918067,-098.3069428,"Census Tract 1316.06, Bexar County, Texas",8086,6353,2963,1894,77,231,41,1147,1733,1625,138,105,87,9,1142,15,31,9,62,0,0,23,1,3,0,101,13,15,0,22,4,0,32,9,4,2,0,0,0,0,0,0,0,0,0,0,7,5,0,2,0,0,0,0,0,0,0,0,0,0,0,0,0,0,0,0,0,0,0,0,0,109365907.960938,52156.9137440058
97,48,029,131608,48029131608,1316.08,Census Tract,G5020,S,4904366,14299,+29.5124884,-098.3046249,"Census Tract 1316.08, Bexar County, Texas",5956,4816,2189,1771,52,207,37,560,1140,1066,122,50,44,7,714,26,19,3,60,1,0,2,14,3,1,60,19,2,2,10,0,0,13,2,10,0,0,1,1,0,0,0,0,0,0,0,12,0,0,3,1,1,0,4,2,0,1,0,0,0,0,0,2,0,2,0,0,0,0,0,0,52929945.0527344,34258.8455735984
98,48,029,131609,48029131609,1316.09,Census Tract,G5020,S,4770353,100412,+29.5029018,-098.3284702,"Census Tract 1316.09, Bexar County, Texas",8531,6709,2918,2275,115,273,30,1098,1822,1723,195,83,63,10,1179,38,40,7,69,0,0,15,3,16,5,90,15,13,2,23,1,0,21,2,7,0,2,0,0,0,4,0,0,0,0,0,6,0,0,6,0,0,0,0,0,0,0,0,0,0,0,0,3,0,2,1,0,0,0,0,0,52414342.4882812,33360.2633300618
99,48,029,131610,48029131610,1316.10,Census Tract,G5020,S,1826199,0,+29.4949003,-098.3180134,"Census Tract 1316.10, Bexar County, Texas",5469,4335,1896,1396,75,111,11,846,1134,1066,96,27,33,3,819,9,14,0,53,0,0,2,4,4,2,63,8,12,0,6,6,0,18,2,9,0,0,0,0,0,2,0,0,0,0,0,5,1,0,4,0,0,0,0,0,0,0,0,0,0,0,0,0,0,0,0,0,0,0,0,0,19651748.421875,20978.7191052208
100,48,029,131612,48029131612,1316.12,Census Tract,G5020,S,2078575,45782,+29.4648030,-098.3211920,"Census Tract 1316.12, Bexar County, Texas",2306,1802,697,590,37,50,11,417,504,472,42,14,11,2,344,7,13,0,28,0,0,1,3,7,0,31,7,4,0,5,0,0,11,0,1,0,1,0,0,0,1,0,0,1,0,0,1,0,0,1,0,0,0,0,0,0,0,0,0,0,0,0,0,0,0,0,0,0,0,0,0,22860120.015625,23073.2286311434
101,48,029,131614,48029131614,1316.14,Census Tract,G5020,S,2570485,75952,+29.4743147,-098.3409376,"Census Tract 1316.14, Bexar County, Texas",5012,3991,1490,1634,59,127,8,673,1021,941,97,44,26,2,691,20,9,1,38,0,0,7,3,0,3,69,27,10,1,7,1,1,18,0,0,1,0,0,0,3,0,0,0,0,0,0,11,3,0,0,1,7,0,0,0,0,0,0,0,0,0,0,0,0,0,0,0,0,0,0,0,28478254.2128906,30192.773850092
102,48,029,131615,48029131615,1316.15,Census Tract,G5020,S,10561321,187076,+29.4694965,-098.3518021,"Census Tract 1316.15, Bexar County, Texas",12439,9743,3928,3412,112,420,85,1786,2696,2557,226,104,100,13,1859,45,40,13,113,0,1,28,4,5,6,133,30,5,6,36,5,0,23,6,9,1,2,0,4,1,5,0,0,0,0,0,6,0,0,6,0,0,0,0,0,0,0,0,0,0,0,0,0,0,0,0,0,0,0,0,0,115663314.330078,75755.6519688013
103,48,029,131616,48029131616,1316.16,Census Tract,G5020,S,5959036,106378,+29.4842457,-098.3288887,"Census Tract 1316.16, Bexar County, Texas",7517,6058,2612,2017,108,265,5,1051,1459,1383,132,65,50,4,1020,9,19,0,61,0,2,18,1,2,0,70,19,3,0,19,0,0,12,3,7,3,0,0,0,0,0,0,0,0,1,3,6,1,0,3,0,0,0,0,0,0,2,0,0,0,0,0,0,0,0,0,0,0,0,0,0,65269853.015625,48904.1041111443
104,48,029,131700,48029131700,1317,Census Tract,G5020,S,11739861,109695,+29.5295330,-098.2784252,"Census Tract 1317, Bexar County, Texas",1282,1112,794,205,12,49,12,40,170,153,21,25,23,7,65,0,6,1,1,0,0,0,1,3,0,15,7,3,0,1,0,0,3,0,1,0,0,0,0,0,0,0,0,0,0,0,2,1,0,1,0,0,0,0,0,0,0,0,0,0,0,0,0,0,0,0,0,0,0,0,0,127513654.636719,65124.5029599423
105,48,029,131801,48029131801,1318.01,Census Tract,G5020,S,103012471,747661,+29.4309467,-098.1780971,"Census Tract 1318.01, Bexar County, Texas",2732,2331,2084,45,32,15,2,153,401,376,19,58,13,0,279,0,0,1,0,0,0,4,2,0,0,24,7,2,0,3,0,0,8,3,1,0,0,0,0,0,0,0,0,0,0,0,1,0,0,0,0,0,0,0,0,0,1,0,0,0,0,0,0,0,0,0,0,0,0,0,0,1116558610.83398,189931.677366575
106,48,029,131802,48029131802,1318.02,Census Tract,G5020,S,124498712,1379430,+29.4265417,-098.2824493,"Census Tract 1318.02, Bexar County, Texas",7232,5886,4169,622,75,50,4,966,1346,1288,90,83,34,2,1033,2,2,2,25,0,0,10,1,1,3,55,7,1,1,16,3,0,18,1,1,0,0,2,2,3,0,0,0,0,0,0,2,0,0,2,0,0,0,0,0,0,0,0,0,0,0,0,1,1,0,0,0,0,0,0,0,1354569026.69727,150960.360606855
107,48,029,140100,48029140100,1401,Census Tract,G5020,S,979342,0,+29.4063680,-098.4787815,"Census Tract 1401, Bexar County, Texas",1324,971,535,39,44,3,2,348,353,336,0,4,9,1,309,0,0,0,0,0,0,7,2,4,0,17,0,2,0,0,1,0,9,1,2,0,0,0,0,0,0,0,0,2,0,0,0,0,0,0,0,0,0,0,0,0,0,0,0,0,0,0,0,0,0,0,0,0,0,0,0,10538631.6210938,15583.3190472572
108,48,029,140200,48029140200,1402,Census Tract,G5020,S,1916564,0,+29.3962021,-098.4810684,"Census Tract 1402, Bexar County, Texas",2405,1722,1089,47,63,12,2,509,683,666,9,17,4,0,620,0,3,0,4,0,0,5,2,2,0,14,2,0,0,0,0,0,9,0,2,1,0,0,0,0,0,0,0,0,0,0,3,0,0,2,0,0,0,0,0,0,1,0,0,0,0,0,0,0,0,0,0,0,0,0,0,20624014.6972656,18840.676380212
109,48,029,140300,48029140300,1403,Census Tract,G5020,S,1558743,10051,+29.3868816,-098.4835460,"Census Tract 1403, Bexar County, Texas",2835,1942,1100,45,61,28,6,702,893,873,14,15,3,1,814,2,0,0,3,0,0,13,0,8,0,20,1,3,0,1,0,0,9,0,4,1,0,0,1,0,0,0,0,0,0,0,0,0,0,0,0,0,0,0,0,0,0,0,0,0,0,0,0,0,0,0,0,0,0,0,0,16881635.3085938,20777.4078665692
110,48,029,140400,48029140400,1404,Census Tract,G5020,S,1516111,0,+29.3967395,-098.4673513,"Census Tract 1404, Bexar County, Texas",3380,2415,1413,53,53,13,3,880,965,935,4,27,8,1,874,0,0,0,6,0,0,10,2,2,1,22,1,0,0,1,0,0,20,0,0,0,0,0,0,0,0,0,0,0,0,0,8,0,0,6,0,1,0,0,0,0,1,0,0,0,0,0,0,0,0,0,0,0,0,0,0,16314787.2910156,16177.9534068737
111,48,029,140500,48029140500,1405,Census Tract,G5020,S,1532145,0,+29.3964053,-098.4549963,"Census Tract 1405, Bexar County, Texas",3682,2594,1586,102,76,22,2,806,1088,1042,11,15,10,3,979,3,2,0,8,0,0,5,0,4,2,37,2,0,0,2,2,0,15,0,6,9,0,0,0,0,1,0,0,0,0,0,9,0,0,8,0,0,0,0,1,0,0,0,0,0,0,0,0,0,0,0,0,0,0,0,0,16487338.0332031,16688.7666717983
112,48,029,140600,48029140600,1406,Census Tract,G5020,S,1207343,0,+29.3927381,-098.4435778,"Census Tract 1406, Bexar County, Texas",2526,1795,1028,125,70,15,0,557,731,719,5,14,3,2,679,0,1,0,4,3,0,3,2,3,0,12,0,0,0,3,0,0,7,1,0,0,0,0,0,0,1,0,0,0,0,0,0,0,0,0,0,0,0,0,0,0,0,0,0,0,0,0,0,0,0,0,0,0,0,0,0,12992110.6855469,17606.1742299749
113,48,029,140700,48029140700,1407,Census Tract,G5020,S,1837263,0,+29.3875220,-098.4609819,"Census Tract 1407, Bexar County, Texas",4571,3174,1879,232,75,22,0,966,1397,1355,13,23,4,0,1283,2,6,0,10,0,0,12,0,2,0,38,5,3,0,6,0,0,19,0,3,0,0,1,0,0,0,0,0,1,0,0,4,0,0,2,0,0,0,2,0,0,0,0,0,0,0,0,0,0,0,0,0,0,0,0,0,19770663.4921875,20923.4231160709
114,48,029,140800,48029140800,1408,Census Tract,G5020,S,2127061,0,+29.3776566,-098.4696195,"Census Tract 1408, Bexar County, Texas",4886,3466,2002,59,96,13,10,1286,1420,1395,13,21,0,7,1320,2,0,0,9,0,0,20,0,2,1,24,0,1,0,3,0,0,15,0,3,0,1,0,0,0,0,0,0,0,0,1,1,0,0,1,0,0,0,0,0,0,0,0,0,0,0,0,0,0,0,0,0,0,0,0,0,22889074.3242188,22158.0277602845
115,48,029,140900,48029140900,1409,Census Tract,G5020,S,1189812,0,+29.3798119,-098.4548664,"Census Tract 1409, Bexar County, Texas",1916,1421,802,54,33,5,1,526,495,486,1,7,2,4,464,0,0,0,5,0,0,0,0,3,0,8,5,1,0,0,0,0,2,0,0,0,0,0,0,0,0,0,0,0,0,0,0,0,0,0,0,0,0,0,0,0,0,0,0,0,0,0,0,0,0,0,0,0,0,1,1,12803460.2109375,14287.7231156634
116,48,029,141000,48029141000,1410,Census Tract,G5020,S,1797042,0,+29.3709842,-098.4573460,"Census Tract 1410, Bexar County, Texas",3344,2539,1398,237,50,22,4,828,805,786,13,21,6,0,726,5,0,1,9,0,0,5,0,0,0,18,4,0,0,2,0,0,11,0,1,0,0,0,0,0,0,0,0,0,0,0,1,0,0,1,0,0,0,0,0,0,0,0,0,0,0,0,0,0,0,0,0,0,0,0,0,19337845.4277344,19015.4907722925
117,48,029,141101,48029141101,1411.01,Census Tract,G5020,S,3411164,27621,+29.3580352,-098.4555776,"Census Tract 1411.01, Bexar County, Texas",4084,3256,1876,425,50,24,1,880,828,802,9,18,3,2,734,0,0,1,23,3,0,5,0,4,0,20,3,0,0,2,2,1,10,0,0,0,0,0,2,0,0,0,0,0,0,0,6,1,0,4,0,0,0,1,0,0,0,0,0,0,0,0,0,0,0,0,0,0,0,0,0,37004508.7617188,32935.0197296058
118,48,029,141102,48029141102,1411.02,Census Tract,G5020,S,1532608,0,+29.3626958,-098.4453440,"Census Tract 1411.02, Bexar County, Texas",3612,2904,1588,370,63,17,3,863,708,690,20,23,1,0,618,5,0,0,18,1,0,2,2,0,0,18,0,0,0,3,2,0,9,0,2,0,0,0,2,0,0,0,0,0,0,0,0,0,0,0,0,0,0,0,0,0,0,0,0,0,0,0,0,0,0,0,0,0,0,0,0,16492254.9472656,23696.6425107799
119,48,029,141200,48029141200,1412,Census Tract,G5020,S,3791692,0,+29.3802571,-098.4395548,"Census Tract 1412, Bexar County, Texas",6685,4789,2744,299,104,22,2,1618,1896,1859,38,51,10,1,1720,3,0,2,14,0,0,16,0,4,0,37,5,3,0,7,0,0,18,0,1,0,0,0,3,0,0,0,0,0,0,0,0,0,0,0,0,0,0,0,0,0,0,0,0,0,0,0,0,0,0,0,0,0,0,0,0,40802145.34375,31601.7519038024
120,48,029,141300,48029141300,1413,Census Tract,G5020,S,7569427,43451,+29.3754769,-098.4136858,"Census Tract 1413, Bexar County, Texas",6678,4941,2519,1230,114,25,5,1048,1737,1672,66,38,19,0,1485,8,4,0,31,1,0,13,2,5,0,59,8,4,0,10,6,0,27,1,2,1,0,0,0,0,0,0,0,0,0,0,6,1,0,0,0,0,0,0,4,1,0,0,0,0,0,0,0,0,0,0,0,0,0,0,0,81921625.2011719,48305.3067969412
121,48,029,141402,48029141402,1414.02,Census Tract,G5020,S,5807301,4385,+29.3436408,-098.4193021,"Census Tract 1414.02, Bexar County, Texas",6236,4140,2297,308,72,127,5,1331,2096,2028,41,49,18,2,1865,8,3,0,21,1,0,17,0,2,1,63,7,5,0,18,5,0,22,5,0,0,0,0,1,0,0,0,0,0,0,0,5,0,0,0,0,2,0,3,0,0,0,0,0,0,0,0,0,0,0,0,0,0,0,0,0,62539088.859375,32582.993388429
122,48,029,141403,48029141403,1414.03,Census Tract,G5020,S,1796666,0,+29.3586573,-098.4272773,"Census Tract 1414.03, Bexar County, Texas",4773,3649,2246,234,64,65,10,1030,1124,1087,23,26,22,4,978,5,0,0,11,0,0,10,3,1,4,37,2,4,0,10,1,0,18,1,1,0,0,0,0,0,0,0,0,0,0,0,0,0,0,0,0,0,0,0,0,0,0,0,0,0,0,0,0,0,0,0,0,0,0,0,0,19333805.4960938,19390.7544244345
123,48,029,141404,48029141404,1414.04,Census Tract,G5020,S,2644403,0,+29.3667835,-098.4257028,"Census Tract 1414.04, Bexar County, Texas",4929,3420,2107,249,71,22,7,964,1509,1480,25,37,20,0,1351,0,4,1,30,1,0,11,0,0,0,24,1,0,1,6,0,0,8,0,7,0,0,0,0,0,0,1,0,0,0,0,5,0,0,4,0,0,0,0,0,0,1,0,0,0,0,0,0,0,0,0,0,0,0,0,0,28456249.8710938,29788.2689572516
124,48,029,141600,48029141600,1416,Census Tract,G5020,S,3384803,6294,+29.3315404,-098.4391546,"Census Tract 1416, Bexar County, Texas",4525,2798,1576,78,97,36,0,1011,1727,1714,11,19,10,0,1637,0,5,1,10,0,0,19,0,2,0,11,2,0,0,1,0,0,7,0,0,1,0,0,0,0,0,0,0,0,0,0,2,0,0,0,0,0,0,0,2,0,0,0,0,0,0,0,0,0,0,0,0,0,0,0,0,36491317.2050781,27953.296174183
125,48,029,141700,48029141700,1417,Census Tract,G5020,S,50911236,688693,+29.3250725,-098.3846828,"Census Tract 1417, Bexar County, Texas",6440,4490,3011,184,69,28,10,1188,1950,1906,25,59,17,1,1751,5,0,3,19,0,0,18,2,5,1,43,6,1,0,9,0,0,25,0,0,0,0,0,0,0,0,0,0,2,0,0,1,0,0,0,0,0,0,0,1,0,0,0,0,0,0,0,0,0,0,0,0,0,0,0,0,555262867.285156,129900.213202335
126,48,029,141800,48029141800,1418,Census Tract,G5020,S,72820627,5819551,+29.2558402,-098.3627182,"Census Tract 1418, Bexar County, Texas",4924,3718,2443,54,53,21,1,1146,1206,1170,20,95,8,0,1025,2,3,1,7,2,0,7,0,0,0,34,3,0,0,12,3,0,12,0,2,0,2,0,0,0,0,0,0,0,0,0,0,0,0,0,0,0,0,0,0,0,0,0,0,0,0,0,0,0,0,0,0,0,0,2,2,846242729.009766,172651.043056875
127,48,029,141900,48029141900,1419,Census Tract,G5020,S,120714587,14730634,+29.3289098,-098.3128977,"Census Tract 1419, Bexar County, Texas",6234,5066,4111,215,70,69,6,595,1168,1122,30,94,25,0,942,0,0,1,5,0,0,11,5,7,2,39,3,2,0,9,0,1,15,1,7,1,0,0,0,0,0,0,0,0,0,0,7,0,0,6,0,0,0,1,0,0,0,0,0,0,0,0,0,0,0,0,0,0,0,0,0,1457516084.40625,167943.081300108
128,48,029,150100,48029150100,1501,Census Tract,G5020,S,2444782,86587,+29.4044041,-098.5050283,"Census Tract 1501, Bexar County, Texas",5016,3192,1779,82,100,76,5,1150,1824,1789,20,23,17,3,1698,1,1,0,1,1,0,20,2,0,2,35,6,1,0,0,1,0,20,0,7,0,0,0,0,0,0,0,0,0,0,0,0,0,0,0,0,0,0,0,0,0,0,0,0,0,0,0,0,0,0,0,0,0,0,0,0,27239917.5859375,20195.8085503903
129,48,029,150300,48029150300,1503,Census Tract,G5020,S,2960537,79630,+29.3881982,-098.5016596,"Census Tract 1503, Bexar County, Texas",3965,2609,1467,52,52,4,1,1033,1356,1333,9,19,3,1,1265,4,0,4,5,0,0,17,1,3,2,20,1,0,0,6,0,0,12,0,1,0,0,0,0,0,0,0,0,0,0,0,3,0,0,0,0,0,0,0,3,0,0,0,0,0,0,0,0,0,0,0,0,0,0,0,0,32715017.8945312,26636.4589653119
130,48,029,150400,48029150400,1504,Census Tract,G5020,S,1417687,0,+29.3879675,-098.5173562,"Census Tract 1504, Bexar County, Texas",3814,2586,1444,11,73,6,0,1052,1228,1195,6,24,7,0,1144,0,0,0,4,0,0,7,0,3,0,24,11,0,0,0,0,0,12,0,0,1,0,0,0,0,0,0,0,0,0,0,9,3,0,2,0,4,0,0,0,0,0,0,0,0,0,0,0,0,0,0,0,0,0,0,0,15255599.2441406,17485.5904879449
131,48,029,150501,48029150501,1505.01,Census Tract,G5020,S,1370199,0,+29.3790793,-098.5256037,"Census Tract 1505.01, Bexar County, Texas",4016,2925,1436,40,81,18,1,1349,1091,1081,3,5,2,2,1046,3,0,0,6,0,0,11,2,1,0,6,0,0,0,3,0,0,1,0,2,0,0,0,0,0,0,0,0,0,0,0,4,4,0,0,0,0,0,0,0,0,0,0,0,0,0,0,0,0,0,0,0,0,0,0,0,14744592.6054688,17804.7682357061
132,48,029,150502,48029150502,1505.02,Census Tract,G5020,S,1338553,0,+29.3717614,-098.5254764,"Census Tract 1505.02, Bexar County, Texas",3734,2620,1364,27,27,0,3,1199,1114,1088,4,12,1,0,1055,0,1,1,5,0,0,8,0,1,0,25,3,1,0,4,6,0,5,1,2,0,0,0,1,0,0,0,2,0,0,0,1,0,0,0,0,0,0,1,0,0,0,0,0,0,0,0,0,0,0,0,0,0,0,0,0,14404057.0527344,16197.4138717429
133,48,029,150600,48029150600,1506,Census Tract,G5020,S,1890312,0,+29.3752865,-098.5104989,"Census Tract 1506, Bexar County, Texas",4039,2558,1408,30,50,9,0,1061,1481,1458,4,15,2,0,1427,0,1,0,1,0,0,5,0,3,0,19,4,3,0,2,0,0,7,2,1,0,0,0,0,0,0,0,0,0,0,0,4,0,0,4,0,0,0,0,0,0,0,0,0,0,0,0,0,0,0,0,0,0,0,0,0,20341497.0917969,18300.1896004594
134,48,029,150700,48029150700,1507,Census Tract,G5020,S,2220834,0,+29.3750237,-098.4963653,"Census Tract 1507, Bexar County, Texas",5601,3568,2009,44,109,16,12,1378,2033,1990,6,29,11,0,1907,0,0,0,8,3,0,17,0,4,5,38,7,1,0,5,0,1,17,2,2,2,0,0,0,1,0,0,0,0,0,0,5,0,0,2,0,1,0,0,2,0,0,0,0,0,0,0,0,0,0,0,0,0,0,0,0,23898203.4550781,20452.4803839932
135,48,029,150800,48029150800,1508,Census Tract,G5020,S,4300488,124244,+29.3636646,-098.4770644,"Census Tract 1508, Bexar County, Texas",3227,2344,1470,143,48,26,3,654,883,851,3,22,8,0,795,0,0,0,17,0,0,6,0,0,0,31,6,0,0,2,1,0,12,2,3,4,0,0,0,1,0,0,0,0,0,0,1,0,0,0,0,0,0,1,0,0,0,0,0,0,0,0,0,0,0,0,0,0,0,0,0,47614249.8203125,32967.5306585368
136,48,029,150900,48029150900,1509,Census Tract,G5020,S,2754406,0,+29.3624270,-098.4932268,"Census Tract 1509, Bexar County, Texas",5933,3924,2319,43,84,22,3,1453,2009,1979,0,38,4,1,1900,0,1,0,12,0,0,17,0,3,3,25,0,4,0,3,0,0,13,0,2,0,0,0,3,0,0,0,0,0,0,0,4,0,0,4,0,0,0,0,0,0,0,0,0,0,0,0,1,0,1,0,0,0,0,0,0,29639978.046875,22821.2366500905
137,48,029,151000,48029151000,1510,Census Tract,G5020,S,1583849,0,+29.3625271,-098.5102428,"Census Tract 1510, Bexar County, Texas",3204,2177,1292,18,44,10,0,813,1027,1000,0,10,1,0,974,0,0,1,2,0,0,8,4,0,0,21,1,0,0,4,0,0,11,0,0,2,0,0,3,0,0,0,0,0,0,0,6,0,0,4,1,0,0,0,1,0,0,0,0,0,0,0,0,0,0,0,0,0,0,0,0,17043704.4550781,16470.156126655
138,48,029,151100,48029151100,1511,Census Tract,G5020,S,3463440,0,+29.3620775,-098.5306827,"Census Tract 1511, Bexar County, Texas",6450,4699,2727,39,80,8,0,1845,1751,1736,4,14,0,0,1687,8,1,0,6,0,0,13,3,0,0,14,2,0,0,0,1,0,7,1,3,0,0,0,0,0,0,0,0,0,0,0,1,1,0,0,0,0,0,0,0,0,0,0,0,0,0,0,0,0,0,0,0,0,0,0,0,37269754.2734375,26983.2856323898
139,48,029,151200,48029151200,1512,Census Tract,G5020,S,6990735,36902,+29.3380619,-098.5437046,"Census Tract 1512, Bexar County, Texas",10797,7398,4423,206,139,64,8,2558,3399,3331,15,30,7,3,3216,1,2,0,20,2,0,31,0,4,0,63,5,0,0,13,0,0,37,1,4,0,1,0,2,0,0,0,0,0,0,0,3,0,0,1,0,0,0,2,0,0,0,0,0,0,0,0,2,0,2,0,0,0,0,0,0,75623866.109375,38700.5671836816
140,48,029,151301,48029151301,1513.01,Census Tract,G5020,S,3535945,39446,+29.3471047,-098.5257060,"Census Tract 1513.01, Bexar County, Texas",5599,3884,2238,70,56,15,1,1504,1715,1686,5,14,8,0,1635,0,0,0,12,1,0,9,2,0,0,27,0,1,0,8,0,0,11,0,5,2,0,0,0,0,0,0,0,0,0,0,0,0,0,0,0,0,0,0,0,0,0,0,0,0,0,0,2,0,2,0,0,0,0,0,0,38474499.6347656,26919.1622344493
141,48,029,151302,48029151302,1513.02,Census Tract,G5020,S,3272290,1622,+29.3290251,-098.5251025,"Census Tract 1513.02, Bexar County, Texas",3275,2246,1269,47,41,4,0,885,1029,1023,2,6,2,2,981,1,1,2,4,0,0,20,0,2,0,6,0,0,0,1,0,0,4,0,0,0,0,0,1,0,0,0,0,0,0,0,0,0,0,0,0,0,0,0,0,0,0,0,0,0,0,0,0,0,0,0,0,0,0,0,0,35230289.4746094,25458.0026357345
142,48,029,151400,48029151400,1514,Census Tract,G5020,S,1876991,5113,+29.3491456,-098.5099698,"Census Tract 1514, Bexar County, Texas",4487,3041,1810,48,66,13,0,1104,1446,1423,7,17,0,0,1371,0,0,0,7,0,1,17,0,3,0,22,1,2,0,5,1,0,11,0,1,1,0,0,0,0,0,0,0,0,0,0,1,1,0,0,0,0,0,0,0,0,0,0,0,0,0,0,0,0,0,0,0,0,0,0,0,20253179.2753906,18148.1713519414
143,48,029,151500,48029151500,1515,Census Tract,G5020,S,1950006,0,+29.3525983,-098.4923256,"Census Tract 1515, Bexar County, Texas",2411,1794,1060,18,12,19,0,685,617,606,4,11,8,2,561,2,0,1,3,0,1,10,0,2,1,11,0,2,0,2,0,0,6,0,0,1,0,0,0,0,0,0,0,0,0,0,0,0,0,0,0,0,0,0,0,0,0,0,0,0,0,0,0,0,0,0,0,0,0,0,0,20983875.3339844,20462.8512651004
144,48,029,151600,48029151600,1516,Census Tract,G5020,S,3078853,0,+29.3412032,-098.4937810,"Census Tract 1516, Bexar County, Texas",7358,5120,3359,109,106,29,1,1516,2238,2200,15,41,8,4,2100,1,0,0,7,1,0,13,0,10,0,34,3,0,0,11,0,0,14,1,5,0,0,0,0,0,0,0,0,0,0,0,4,1,0,3,0,0,0,0,0,0,0,0,0,0,0,0,0,0,0,0,0,0,0,0,0,33131253.3632812,22989.6784980163
145,48,029,151700,48029151700,1517,Census Tract,G5020,S,6264083,39645,+29.3291186,-098.4999500,"Census Tract 1517, Bexar County, Texas",7173,4876,2927,67,108,22,4,1748,2297,2257,10,31,11,2,2161,0,3,0,4,0,0,28,4,1,2,40,1,0,0,10,0,0,22,0,7,0,0,0,0,0,0,0,0,0,0,0,0,0,0,0,0,0,0,0,0,0,0,0,0,0,0,0,0,0,0,0,0,0,0,0,0,67833973.9257812,38575.0934688911
146,48,029,151900,48029151900,1519,Census Tract,G5020,S,36243181,3251443,+29.2925232,-098.4710132,"Census Tract 1519, Bexar County, Texas",8156,5396,3274,222,124,80,6,1690,2760,2699,22,38,8,3,2583,1,1,0,14,2,0,18,1,6,2,59,2,0,0,8,4,0,31,6,8,0,0,0,0,0,0,0,0,0,0,0,2,0,0,2,0,0,0,0,0,0,0,0,0,0,0,0,0,0,0,0,0,0,0,0,0,424999026.974609,113267.728798177
147,48,029,152000,48029152000,1520,Census Tract,G5020,S,45803349,734943,+29.2845687,-098.5327496,"Census Tract 1520, Bexar County, Texas",4314,2964,1793,257,32,48,3,831,1350,1325,9,17,10,3,1270,3,2,0,3,0,0,6,0,1,1,23,6,2,0,4,0,0,3,0,4,3,0,0,0,1,0,0,0,0,0,0,2,1,0,0,0,0,0,0,0,0,1,0,0,0,0,0,0,0,0,0,0,0,0,0,0,500795392.177734,113088.263299469
148,48,029,152100,48029152100,1521,Census Tract,G5020,S,111654936,233003,+29.2098315,-098.5374574,"Census Tract 1521, Bexar County, Texas",6829,4841,3304,60,102,102,5,1268,1988,1974,15,42,8,2,1858,3,1,0,14,2,1,23,0,5,0,10,1,1,0,0,0,0,6,0,2,0,0,0,0,0,0,0,0,0,0,0,4,0,0,1,0,0,0,0,0,0,3,0,0,0,0,0,0,0,0,0,0,0,0,0,0,1204023914.39258,172246.650328061
149,48,029,152201,48029152201,1522.01,Census Tract,G5020,S,82508932,1064632,+29.2071982,-098.4588926,"Census Tract 1522.01, Bexar County, Texas",9868,7361,4876,132,201,48,4,2100,2507,2457,46,115,7,0,2263,1,2,0,10,0,0,11,1,1,0,49,3,1,0,15,0,0,27,0,2,0,0,0,1,0,0,0,0,0,0,0,1,0,0,0,0,0,0,0,1,0,0,0,0,0,0,0,0,0,0,0,0,0,0,0,0,899334272.84375,160288.523294946
150,48,029,152202,48029152202,1522.02,Census Tract,G5020,S,74847036,347510,+29.1869042,-098.3927894,"Census Tract 1522.02, Bexar County, Texas",5964,4532,2852,100,107,20,1,1452,1432,1402,9,35,31,0,1302,2,0,1,9,0,0,6,2,2,3,26,0,0,0,2,1,1,19,0,1,0,0,0,2,0,0,0,0,0,0,0,3,1,0,0,2,0,0,0,0,0,0,0,0,0,0,0,1,0,1,0,0,0,0,0,0,809168819.349609,156986.507970665
151,48,029,160100,48029160100,1601,Census Tract,G5020,S,2492063,115558,+29.4088381,-098.5217808,"Census Tract 1601, Bexar County, Texas",6217,4683,2662,126,123,6,3,1763,1534,1502,12,16,4,3,1423,5,5,0,14,0,0,20,0,0,0,28,0,0,1,10,3,0,13,0,0,0,0,0,0,1,0,0,0,0,0,0,4,0,0,4,0,0,0,0,0,0,0,0,0,0,0,0,0,0,0,0,0,0,0,0,0,28060429.5839844,24562.6548860594
152,48,029,160200,48029160200,1602,Census Tract,G5020,S,1088272,0,+29.3999440,-098.5183695,"Census Tract 1602, Bexar County, Texas",2490,1720,997,16,65,15,2,625,770,742,2,8,2,1,708,0,0,0,4,0,0,17,0,0,0,28,3,0,0,2,0,0,21,1,0,0,0,0,0,1,0,0,0,0,0,0,0,0,0,0,0,0,0,0,0,0,0,0,0,0,0,0,0,0,0,0,0,0,0,0,0,11710789.1992188,14808.0813056849
153,48,029,160300,48029160300,1603,Census Tract,G5020,S,1764367,0,+29.3912299,-098.5263991,"Census Tract 1603, Bexar County, Texas",4928,2957,1700,32,70,11,1,1143,1971,1951,4,17,0,1,1922,0,1,0,1,0,0,3,0,2,0,17,0,0,0,1,2,0,11,2,1,0,0,0,0,0,0,0,0,0,0,0,3,0,0,3,0,0,0,0,0,0,0,0,0,0,0,0,0,0,0,0,0,0,0,0,0,18986206.6289062,18976.0050845413
154,48,029,160400,48029160400,1604,Census Tract,G5020,S,2835670,0,+29.3903429,-098.5412402,"Census Tract 1604, Bexar County, Texas",4682,3159,1941,31,92,2,6,1087,1523,1494,9,24,2,1,1411,1,0,0,9,0,0,34,0,3,0,29,1,0,0,1,0,0,25,0,1,0,0,0,1,0,0,0,0,0,0,0,0,0,0,0,0,0,0,0,0,0,0,0,0,0,0,0,0,0,0,0,0,0,0,0,0,30514489.6875,22965.3086979023
155,48,029,160501,48029160501,1605.01,Census Tract,G5020,S,1380740,0,+29.4112778,-098.5387851,"Census Tract 1605.01, Bexar County, Texas",3936,2652,1477,186,65,79,1,844,1284,1266,0,8,6,0,1218,3,2,1,12,0,0,16,0,0,0,17,8,0,0,1,2,0,3,0,3,0,0,0,0,0,0,0,0,0,0,0,1,1,0,0,0,0,0,0,0,0,0,0,0,0,0,0,0,0,0,0,0,0,0,0,0,14858076.03125,18037.3460259987
156,48,029,160502,48029160502,1605.02,Census Tract,G5020,S,1945050,0,+29.4027445,-098.5393755,"Census Tract 1605.02, Bexar County, Texas",3950,2696,1660,79,63,18,1,875,1254,1239,0,5,8,0,1213,0,0,0,2,0,0,7,4,0,0,11,1,4,0,0,0,0,5,0,0,0,0,0,0,0,0,0,0,1,0,0,4,0,0,4,0,0,0,0,0,0,0,0,0,0,0,0,0,0,0,0,0,0,0,0,0,20930553.5,18783.6345352981
157,48,029,160600,48029160600,1606,Census Tract,G5020,S,2200749,0,+29.4113725,-098.5537037,"Census Tract 1606, Bexar County, Texas",4440,3159,2043,37,57,19,2,1001,1281,1270,11,11,0,0,1220,7,1,2,6,3,0,7,2,0,0,11,3,0,0,0,0,0,5,0,2,0,0,0,0,1,0,0,0,0,0,0,0,0,0,0,0,0,0,0,0,0,0,0,0,0,0,0,0,0,0,0,0,0,0,0,0,23682186.0253906,24512.1326204234
158,48,029,160701,48029160701,1607.01,Census Tract,G5020,S,2602283,0,+29.4063314,-098.5739064,"Census Tract 1607.01, Bexar County, Texas",3187,2181,1244,12,35,2,0,888,1006,992,5,5,4,2,963,0,1,0,4,0,0,8,0,0,0,12,5,0,0,3,0,0,1,2,0,0,0,0,0,0,1,0,0,0,0,0,2,0,0,1,0,1,0,0,0,0,0,0,0,0,0,0,0,0,0,0,0,0,0,0,0,28002977.0117188,24553.1004764378
159,48,029,160702,48029160702,1607.02,Census Tract,G5020,S,2935415,0,+29.3962513,-098.5569566,"Census Tract 1607.02, Bexar County, Texas",4972,3423,2100,103,47,14,2,1157,1549,1521,10,17,7,0,1462,2,3,1,8,0,0,7,1,3,0,27,2,0,0,5,1,0,18,1,0,0,0,0,0,0,0,0,0,0,0,0,1,1,0,0,0,0,0,0,0,0,0,0,0,0,0,0,0,0,0,0,0,0,0,0,0,31587784.6074219,26464.3738613388
160,48,029,160901,48029160901,1609.01,Census Tract,G5020,S,2483732,0,+29.3676060,-098.5460910,"Census Tract 1609.01, Bexar County, Texas",2951,2129,1196,14,64,7,0,848,822,800,5,6,1,1,768,0,1,0,0,1,0,15,0,2,0,17,0,0,0,2,0,0,11,0,2,0,0,0,2,0,0,0,0,0,0,0,5,2,0,3,0,0,0,0,0,0,0,0,0,0,0,0,0,0,0,0,0,0,0,0,0,26727240.8613281,32827.7048514385
161,48,029,160902,48029160902,1609.02,Census Tract,G5020,S,2585534,428,+29.3695546,-098.5570405,"Census Tract 1609.02, Bexar County, Texas",4144,3074,1883,26,47,13,4,1101,1070,1055,12,11,0,0,987,1,0,0,4,0,0,35,0,5,0,14,0,0,0,1,0,0,8,0,1,0,0,0,2,0,0,2,0,0,0,0,1,0,0,1,0,0,0,0,0,0,0,0,0,0,0,0,0,0,0,0,0,0,0,0,0,27827369.5585938,33456.3684011331
162,48,029,161000,48029161000,1610,Census Tract,G5020,S,7390356,40596,+29.3425496,-098.5700238,"Census Tract 1610, Bexar County, Texas",3474,2455,1381,82,28,21,5,938,1019,995,1,19,6,0,953,4,0,0,8,1,0,2,0,0,1,21,1,0,0,6,0,0,8,2,4,0,0,0,0,0,0,0,0,0,0,0,3,0,0,3,0,0,0,0,0,0,0,0,0,0,0,0,0,0,0,0,0,0,0,0,0,79963925.6601562,41250.1925053236
163,48,029,161100,48029161100,1611,Census Tract,G5020,S,10119455,16207,+29.3269538,-098.5762883,"Census Tract 1611, Bexar County, Texas",8449,5908,3280,69,120,43,10,2386,2541,2491,10,22,14,2,2404,1,1,0,9,1,0,23,1,3,0,40,12,0,0,3,1,0,15,1,4,4,0,0,0,0,0,0,0,0,0,0,8,1,0,6,0,1,0,0,0,0,0,0,0,0,0,0,2,2,0,0,0,0,0,0,0,109069051.921875,58890.8442587572
164,48,029,161200,48029161200,1612,Census Tract,G5020,S,45644369,778241,+29.2994770,-098.6037886,"Census Tract 1612, Bexar County, Texas",3934,2639,1520,132,48,31,4,904,1295,1276,12,21,6,0,1203,2,2,0,20,1,0,6,3,0,0,17,2,2,0,2,0,0,6,0,5,0,0,0,0,0,0,0,0,0,0,0,1,1,0,0,0,0,0,0,0,0,0,0,0,0,0,0,0,0,0,0,0,0,0,1,1,499550426.314453,129161.450322625
165,48,029,161302,48029161302,1613.02,Census Tract,G5020,S,3411583,24064,+29.3335210,-098.6121389,"Census Tract 1613.02, Bexar County, Texas",5409,3878,2136,149,67,33,6,1487,1531,1518,7,14,6,0,1448,2,0,0,20,0,0,11,6,4,0,12,0,0,1,4,0,1,2,0,2,0,0,0,2,0,0,0,0,0,0,0,1,0,0,0,0,0,0,0,1,0,0,0,0,0,0,0,0,0,0,0,0,0,0,0,0,36970748.0859375,25343.9927999733
166,48,029,161303,48029161303,1613.03,Census Tract,G5020,S,1183190,0,+29.3428267,-098.6067221,"Census Tract 1613.03, Bexar County, Texas",4167,2895,1707,69,74,8,1,1036,1272,1256,5,10,4,1,1190,0,0,1,4,0,0,38,0,1,2,14,1,0,0,5,0,0,7,0,1,0,0,0,0,0,0,0,0,0,0,0,2,1,0,1,0,0,0,0,0,0,0,0,0,0,0,0,0,0,0,0,0,0,0,0,0,12732220.8808594,18482.2131314989
167,48,029,161304,48029161304,1613.04,Census Tract,G5020,S,6524443,27747,+29.3453415,-098.5935539,"Census Tract 1613.04, Bexar County, Texas",4738,3449,2215,169,54,20,0,991,1289,1265,21,15,5,1,1188,6,3,1,6,2,0,12,2,3,0,22,0,4,0,2,0,0,13,0,1,2,0,0,0,0,0,0,0,0,0,0,2,0,0,0,0,0,0,0,0,0,2,0,0,0,0,0,0,0,0,0,0,0,0,0,0,70507619.0078125,46635.671939201
168,48,029,161400,48029161400,1614,Census Tract,G5020,S,10999478,0,+29.3866431,-098.6178725,"Census Tract 1614, Bexar County, Texas",9755,9235,6189,2010,23,379,21,613,520,444,169,30,62,5,130,14,13,0,8,1,0,0,9,3,0,68,8,5,0,34,3,0,12,1,3,0,2,0,0,0,0,0,0,0,0,0,7,6,0,1,0,0,0,0,0,0,0,0,0,0,0,0,1,0,1,0,0,0,0,0,0,118364608.074219,56182.9738322014
169,48,029,161501,48029161501,1615.01,Census Tract,G5020,S,4090193,0,+29.3648482,-098.6073537,"Census Tract 1615.01, Bexar County, Texas",7717,5779,3232,373,114,56,17,1987,1938,1876,47,80,15,0,1666,7,0,0,19,0,0,21,8,10,3,58,10,3,0,11,0,0,15,2,15,2,0,0,0,0,0,0,0,0,0,0,3,0,0,3,0,0,0,0,0,0,0,0,0,0,0,0,1,0,0,1,0,0,0,0,0,44014260.015625,29262.2446339524
170,48,029,161503,48029161503,1615.03,Census Tract,G5020,S,2331253,0,+29.3558344,-098.6267718,"Census Tract 1615.03, Bexar County, Texas",5515,3983,2165,193,53,72,19,1481,1532,1513,14,27,20,0,1412,2,7,1,21,0,0,6,0,3,0,14,2,0,0,0,0,0,6,1,1,0,0,0,0,4,0,0,0,0,0,0,4,3,0,0,0,0,0,0,1,0,0,0,0,0,0,0,1,0,1,0,0,0,0,0,0,25086480.3984375,28313.3815198711
171,48,029,161504,48029161504,1615.04,Census Tract,G5020,S,2292120,23704,+29.3552605,-098.6170903,"Census Tract 1615.04, Bexar County, Texas",4724,3601,2076,171,46,25,0,1283,1123,1106,18,26,5,3,1013,2,5,2,7,0,0,24,0,1,0,14,1,1,0,3,3,0,5,0,0,0,0,0,0,0,1,0,0,0,0,0,3,3,0,0,0,0,0,0,0,0,0,0,0,0,0,0,0,0,0,0,0,0,0,0,0,24920356.4414062,28124.4053239375
172,48,029,161600,48029161600,1616,Census Tract,G5020,S,6340742,7099,+29.3991515,-098.5974264,"Census Tract 1616, Bexar County, Texas",4809,3214,1669,188,70,42,15,1230,1595,1560,11,31,13,3,1481,0,3,0,6,0,0,11,0,1,0,34,2,3,0,6,0,2,11,0,8,0,2,0,0,0,0,0,0,0,0,0,1,0,0,0,0,0,0,0,0,0,1,0,0,0,0,0,0,0,0,0,0,0,0,0,0,68308647.6972656,86719.1383617561
173,48,029,161801,48029161801,1618.01,Census Tract,G5020,S,2208973,7983,+29.3842018,-098.6478496,"Census Tract 1618.01, Bexar County, Texas",3895,2654,1570,230,34,48,8,764,1241,1195,26,51,16,1,1060,3,8,0,17,0,0,8,0,5,0,37,2,0,0,16,0,1,9,2,5,0,1,0,0,0,1,0,0,0,0,0,8,3,0,3,0,1,0,0,0,0,1,0,0,0,0,0,1,0,1,0,0,0,0,0,0,23856501.2988281,25112.9373083544
174,48,029,161802,48029161802,1618.02,Census Tract,G5020,S,21565800,251993,+29.3349742,-098.6579585,"Census Tract 1618.02, Bexar County, Texas",9710,6851,3719,700,148,197,23,2064,2859,2777,102,61,62,1,2434,24,21,0,28,0,1,30,8,2,3,68,2,10,0,13,6,0,18,12,4,0,0,0,0,1,1,0,0,1,0,0,14,3,0,10,1,0,0,0,0,0,0,0,0,0,0,0,0,0,0,0,0,0,0,0,0,234779582.525391,97931.9723299418
175,48,029,161901,48029161901,1619.01,Census Tract,G5020,S,20171886,475879,+29.3080730,-098.6904808,"Census Tract 1619.01, Bexar County, Texas",1247,865,544,11,21,5,0,284,382,375,2,4,0,0,363,2,1,1,1,0,0,0,0,1,0,4,0,0,0,2,0,0,2,0,0,0,0,0,0,0,0,0,0,0,0,0,3,0,0,3,0,0,0,0,0,0,0,0,0,0,0,0,0,0,0,0,0,0,0,0,0,222189071.478516,69207.0138557137
176,48,029,161902,48029161902,1619.02,Census Tract,G5020,S,123287590,1884202,+29.3182348,-098.7631029,"Census Tract 1619.02, Bexar County, Texas",15735,11920,6667,1122,207,205,26,3693,3815,3665,114,108,65,2,3278,5,15,1,33,1,0,30,2,8,3,138,9,11,1,22,9,0,73,3,8,1,0,0,0,0,0,0,0,1,0,0,11,0,0,4,0,0,0,0,7,0,0,0,0,0,0,0,1,0,1,0,0,0,0,0,0,1346964702.46289,160139.034969559
177,48,029,162001,48029162001,1620.01,Census Tract,G5020,S,46389993,503742,+29.2598094,-098.6300606,"Census Tract 1620.01, Bexar County, Texas",2529,1767,1225,19,41,7,0,475,762,751,7,21,3,0,701,0,0,0,11,0,0,7,0,1,0,11,1,0,0,0,0,0,9,0,0,0,0,0,0,0,1,0,0,0,0,0,0,0,0,0,0,0,0,0,0,0,0,0,0,0,0,0,0,0,0,0,0,0,0,0,0,504620860.945312,124466.968514444
178,48,029,162003,48029162003,1620.03,Census Tract,G5020,S,45319240,109526,+29.2067245,-098.6312964,"Census Tract 1620.03, Bexar County, Texas",5991,4248,2823,51,67,27,0,1280,1743,1705,7,56,12,0,1600,2,0,0,4,2,0,17,2,2,1,27,0,2,2,2,2,0,18,0,1,0,0,0,0,0,0,0,0,0,0,0,11,0,0,11,0,0,0,0,0,0,0,0,0,0,0,0,0,0,0,0,0,0,0,0,0,488857783.148438,124804.103532726
179,48,029,162004,48029162004,1620.04,Census Tract,G5020,S,54470110,597647,+29.2515215,-098.6999037,"Census Tract 1620.04, Bexar County, Texas",4477,3011,1643,40,69,8,0,1251,1466,1447,8,18,6,0,1385,4,4,1,9,0,0,10,1,0,1,18,0,0,0,6,0,0,8,3,1,0,0,0,0,0,0,0,0,0,0,0,1,0,0,0,0,0,0,0,1,0,0,0,0,0,0,0,0,0,0,0,0,0,0,0,0,592580981.544922,108277.479670985
180,48,029,170101,48029170101,1701.01,Census Tract,G5020,S,1150840,45850,+29.4396522,-098.5198167,"Census Tract 1701.01, Bexar County, Texas",3426,2388,1283,74,66,0,1,964,1038,1014,0,9,2,0,989,1,0,0,0,0,0,7,0,3,3,23,4,3,0,5,1,0,9,0,0,1,0,0,0,0,0,0,0,0,0,0,1,0,0,0,0,0,0,1,0,0,0,0,0,0,0,0,0,0,0,0,0,0,0,0,0,12877526.9960938,14521.8075851276
181,48,029,170102,48029170102,1701.02,Census Tract,G5020,S,1157141,65856,+29.4325252,-098.5195280,"Census Tract 1701.02, Bexar County, Texas",3316,2012,955,43,51,1,4,958,1304,1293,0,10,5,0,1250,0,0,0,6,0,0,21,0,1,0,9,3,1,0,0,0,1,1,1,1,1,0,0,0,0,0,0,0,0,0,0,2,0,0,2,0,0,0,0,0,0,0,0,0,0,0,0,0,0,0,0,0,0,0,0,0,13160644.8574219,14806.8931057253
182,48,029,170200,48029170200,1702,Census Tract,G5020,S,1730790,0,+29.4216623,-098.5208934,"Census Tract 1702, Bexar County, Texas",4757,2921,1563,79,98,16,2,1163,1836,1804,10,17,3,4,1757,1,0,0,4,0,0,7,1,0,0,29,0,0,1,5,4,0,17,0,1,1,0,0,0,0,0,0,0,0,0,0,3,0,0,3,0,0,0,0,0,0,0,0,0,0,0,0,0,0,0,0,0,0,0,0,0,18624911.546875,17668.1054671191
183,48,029,170300,48029170300,1703,Census Tract,G5020,S,1860336,166812,+29.4218034,-098.5349833,"Census Tract 1703, Bexar County, Texas",5546,3633,1987,86,78,27,5,1450,1913,1877,10,19,5,3,1813,4,0,0,11,0,0,10,0,2,0,26,2,3,0,3,2,0,14,2,0,0,0,0,0,0,0,0,0,0,0,0,10,0,0,5,0,0,0,0,5,0,0,0,0,0,0,0,0,0,0,0,0,0,0,0,0,21814008.7714844,20987.3511435273
184,48,029,170401,48029170401,1704.01,Census Tract,G5020,S,1347181,0,+29.4409473,-098.5316391,"Census Tract 1704.01, Bexar County, Texas",4324,3029,1517,269,70,40,2,1131,1295,1281,8,15,3,0,1232,2,0,0,0,0,0,14,1,6,0,12,0,3,0,1,0,0,4,0,2,0,0,0,0,0,2,0,0,0,0,0,2,0,0,1,0,0,0,0,0,0,1,0,0,0,0,0,0,0,0,0,0,0,0,0,0,14497008.4394531,19913.7330132445
185,48,029,170402,48029170402,1704.02,Census Tract,G5020,S,1552460,0,+29.4342883,-098.5355357,"Census Tract 1704.02, Bexar County, Texas",4639,3175,1600,82,61,6,5,1421,1464,1442,13,16,2,0,1381,0,0,2,8,2,0,16,0,2,0,20,4,0,0,3,1,0,10,0,0,1,0,0,0,1,0,0,0,0,0,0,1,0,0,0,1,0,0,0,0,0,0,0,0,0,0,0,1,0,1,0,0,0,0,0,0,16705934.1796875,18419.5730375153
186,48,029,170500,48029170500,1705,Census Tract,G5020,S,2076269,216198,+29.4492455,-098.5273406,"Census Tract 1705, Bexar County, Texas",4099,2932,1771,66,42,42,0,1011,1167,1135,10,18,5,3,1074,5,0,0,1,0,0,11,5,3,0,30,1,3,0,0,6,0,14,0,5,1,0,0,0,0,0,0,0,0,0,0,2,1,0,0,1,0,0,0,0,0,0,0,0,0,0,0,0,0,0,0,0,0,0,0,0,24669129.2246094,22066.1927828607
187,48,029,170600,48029170600,1706,Census Tract,G5020,S,1942373,0,+29.4519549,-098.5500507,"Census Tract 1706, Bexar County, Texas",4189,2814,1690,60,69,23,1,971,1375,1356,7,14,9,0,1300,0,2,0,5,0,0,16,0,2,1,17,2,0,0,1,0,0,13,0,0,1,0,0,0,0,0,0,0,0,0,0,2,1,0,0,0,1,0,0,0,0,0,0,0,0,0,0,0,0,0,0,0,0,0,0,0,20901803.9296875,19563.9798992417
188,48,029,170700,48029170700,1707,Census Tract,G5020,S,1861300,0,+29.4432734,-098.5507620,"Census Tract 1707, Bexar County, Texas",4460,2901,1600,41,104,12,2,1142,1559,1540,4,15,6,1,1489,1,0,0,13,2,0,5,0,3,1,15,0,1,0,0,0,0,11,1,2,0,0,0,0,0,0,0,0,0,0,0,4,1,0,3,0,0,0,0,0,0,0,0,0,0,0,0,0,0,0,0,0,0,0,0,0,20029325.8105469,19160.2147618406
189,48,029,170800,48029170800,1708,Census Tract,G5020,S,969854,56124,+29.4351384,-098.5479565,"Census Tract 1708, Bexar County, Texas",1521,1100,600,15,24,10,0,451,421,415,1,6,0,0,400,0,4,0,2,0,0,2,0,0,0,6,1,2,0,0,1,0,2,0,0,0,0,0,0,0,0,0,0,0,0,0,0,0,0,0,0,0,0,0,0,0,0,0,0,0,0,0,0,0,0,0,0,0,0,0,0,11040518.5644531,13387.0138187486
190,48,029,170900,48029170900,1709,Census Tract,G5020,S,1844410,13947,+29.4228064,-098.5483304,"Census Tract 1709, Bexar County, Texas",4249,2880,1790,101,50,3,2,934,1369,1351,28,16,5,0,1260,2,3,0,9,0,0,26,2,0,0,16,0,0,0,0,0,0,12,0,3,0,0,0,1,0,0,0,0,0,0,0,2,0,0,2,0,0,0,0,0,0,0,0,0,0,0,0,0,0,0,0,0,0,0,0,0,19997677.4785156,19168.3519125625
191,48,029,171000,48029171000,1710,Census Tract,G5020,S,1539348,0,+29.4231609,-098.5596061,"Census Tract 1710, Bexar County, Texas",4890,3487,2070,47,56,7,8,1299,1403,1386,3,7,0,0,1356,0,2,0,4,0,0,13,0,0,1,16,3,1,0,3,0,0,3,1,5,0,0,0,0,0,0,0,0,0,0,0,1,0,0,1,0,0,0,0,0,0,0,0,0,0,0,0,0,0,0,0,0,0,0,0,0,16564879.6738281,17673.3809865501
192,48,029,171100,48029171100,1711,Census Tract,G5020,S,1847465,0,+29.4224602,-098.5686161,"Census Tract 1711, Bexar County, Texas",3438,2436,1420,30,36,16,0,934,1002,993,3,3,2,0,959,1,4,0,5,1,0,10,0,0,5,8,1,0,0,0,0,0,3,0,4,0,0,0,0,0,0,0,0,0,0,0,0,0,0,0,0,0,0,0,0,0,0,0,0,0,0,0,1,1,0,0,0,0,0,0,0,19880445.453125,19882.1123243267
193,48,029,171200,48029171200,1712,Census Tract,G5020,S,2342831,0,+29.4364001,-098.5656413,"Census Tract 1712, Bexar County, Texas",3949,2694,1425,51,63,3,1,1151,1255,1233,2,6,2,1,1208,0,4,0,1,0,0,7,2,0,0,21,0,0,0,5,0,0,6,0,1,3,2,0,4,0,0,0,0,0,0,0,1,0,0,0,0,0,0,0,0,0,1,0,0,0,0,0,0,0,0,0,0,0,0,0,0,25211151.5625,23406.9206554186
194,48,029,171301,48029171301,1713.01,Census Tract,G5020,S,1126423,0,+29.4454139,-098.5673926,"Census Tract 1713.01, Bexar County, Texas",2659,1771,968,19,47,2,8,727,888,873,3,7,0,0,853,2,0,0,7,0,0,1,0,0,0,15,0,2,0,10,0,0,3,0,0,0,0,0,0,0,0,0,0,0,0,0,0,0,0,0,0,0,0,0,0,0,0,0,0,0,0,0,0,0,0,0,0,0,0,0,0,12121440.2167969,14993.1425474613
195,48,029,171302,48029171302,1713.02,Census Tract,G5020,S,1873871,0,+29.4537275,-098.5705465,"Census Tract 1713.02, Bexar County, Texas",3841,2507,1300,60,81,17,1,1048,1334,1292,11,12,8,4,1243,0,2,0,2,0,0,9,0,1,0,41,0,0,0,9,1,0,24,0,4,2,0,0,0,0,0,0,0,1,0,0,1,0,0,1,0,0,0,0,0,0,0,0,0,0,0,0,0,0,0,0,0,0,0,0,0,20164615.7949219,19445.5584239995
196,48,029,171401,48029171401,1714.01,Census Tract,G5020,S,1944787,13846,+29.4413040,-098.5939349,"Census Tract 1714.01, Bexar County, Texas",4319,3228,1838,164,37,48,9,1132,1091,1058,14,25,3,7,973,5,1,0,14,0,0,12,1,3,0,18,2,2,0,6,1,0,5,0,2,0,0,0,0,0,0,0,0,0,0,0,15,0,0,11,0,0,0,4,0,0,0,0,0,0,0,0,0,0,0,0,0,0,0,0,0,21076805.7402344,20537.3088327914
197,48,029,171402,48029171402,1714.02,Census Tract,G5020,S,2117178,9546,+29.4430000,-098.5819942,"Census Tract 1714.02, Bexar County, Texas",5556,3540,1850,77,89,20,3,1501,2016,1988,7,24,4,0,1914,0,2,0,8,0,0,24,0,1,4,21,1,0,0,1,0,0,16,1,1,1,0,0,0,0,0,0,0,0,0,0,4,0,0,4,0,0,0,0,0,0,0,0,0,0,0,0,3,0,3,0,0,0,0,0,0,22885539.1542969,23474.2468476185
198,48,029,171501,48029171501,1715.01,Census Tract,G5020,S,1574236,0,+29.4156577,-098.5812898,"Census Tract 1715.01, Bexar County, Texas",2563,1694,860,90,32,1,5,706,869,859,4,4,1,0,830,2,1,0,5,0,0,9,2,1,0,8,0,0,0,2,0,0,6,0,0,0,0,0,0,0,0,0,0,0,0,0,1,0,0,1,0,0,0,0,0,0,0,0,0,0,0,0,0,0,0,0,0,0,0,1,1,16940276.5917969,16708.2333516517
199,48,029,171502,48029171502,1715.02,Census Tract,G5020,S,2013318,0,+29.4271258,-098.5800478,"Census Tract 1715.02, Bexar County, Texas",4914,3282,1612,333,71,46,1,1219,1632,1605,15,12,6,0,1548,0,0,0,6,0,0,15,0,1,2,24,2,0,0,7,0,0,8,0,2,3,0,0,0,0,0,0,0,0,0,2,1,0,0,0,0,0,0,0,1,0,0,0,0,0,0,0,2,0,2,0,0,0,0,0,0,21665197.8632812,18668.5542977871
200,48,029,171601,48029171601,1716.01,Census Tract,G5020,S,3062640,55281,+29.4183531,-098.6198536,"Census Tract 1716.01, Bexar County, Texas",4284,3073,1544,179,72,29,3,1246,1211,1194,22,13,9,0,1105,2,1,0,20,0,1,14,1,5,1,16,2,0,0,0,1,0,5,2,4,0,2,0,0,0,0,0,0,0,0,0,0,0,0,0,0,0,0,0,0,0,0,0,0,0,0,0,1,0,1,0,0,0,0,0,0,33551792.5976562,36109.7344885568
201,48,029,171602,48029171602,1716.02,Census Tract,G5020,S,8127748,31507,+29.4229398,-098.6080692,"Census Tract 1716.02, Bexar County, Texas",4456,3090,1568,337,103,211,4,867,1366,1339,20,24,3,6,1252,0,1,0,1,0,0,25,0,6,1,23,5,0,2,2,0,0,6,2,2,0,0,0,1,0,0,0,0,3,0,0,4,0,0,0,0,0,0,0,4,0,0,0,0,0,0,0,0,0,0,0,0,0,0,0,0,87801321.7128906,46825.5842268834
202,48,029,171700,48029171700,1717,Census Tract,G5020,S,10635977,31619,+29.4356221,-098.6260048,"Census Tract 1717, Bexar County, Texas",8091,5802,3200,622,135,113,11,1721,2289,2218,41,46,22,2,2015,4,13,0,17,5,1,40,4,6,2,62,2,0,0,20,4,0,15,9,5,4,0,0,0,0,3,0,0,0,0,0,9,3,1,0,1,0,0,0,2,2,0,0,0,0,0,0,0,0,0,0,0,0,0,0,0,114793534.990234,52396.9560570892
203,48,029,171801,48029171801,1718.01,Census Tract,G5020,S,2220714,0,+29.4131166,-098.6393742,"Census Tract 1718.01, Bexar County, Texas",5301,3834,2310,193,81,46,7,1197,1467,1419,4,23,20,0,1323,5,0,0,11,0,0,16,4,12,1,42,3,3,0,8,0,2,20,0,3,2,0,0,0,0,0,0,1,0,0,0,5,3,0,1,0,0,0,0,1,0,0,0,0,0,0,0,1,1,0,0,0,0,0,0,0,23896968.8144531,25135.5527350181
204,48,029,171802,48029171802,1718.02,Census Tract,G5020,S,2524781,5830,+29.4055402,-098.6352927,"Census Tract 1718.02, Bexar County, Texas",6092,4394,2312,288,103,58,11,1622,1698,1649,21,32,23,2,1524,3,4,0,17,0,4,9,0,5,5,37,5,3,0,8,1,0,15,1,1,0,0,1,0,1,0,0,0,0,0,1,12,1,0,10,0,0,0,0,1,0,0,0,0,0,0,0,0,0,0,0,0,0,0,0,0,27231796.9570312,26801.7272225617
205,48,029,171903,48029171903,1719.03,Census Tract,G5020,S,3230423,1510,+29.4069074,-098.6551074,"Census Tract 1719.03, Bexar County, Texas",6750,4985,2726,468,99,89,22,1581,1765,1740,28,39,21,2,1599,3,6,0,21,0,0,14,6,1,0,23,4,1,0,6,0,0,7,0,0,0,2,0,0,0,0,0,0,3,0,0,2,0,0,0,0,2,0,0,0,0,0,0,0,0,0,0,0,0,0,0,0,0,0,0,0,34778628.5449219,24475.2066346626
206,48,029,171912,48029171912,1719.12,Census Tract,G5020,S,8387987,562,+29.4793032,-098.6874058,"Census Tract 1719.12, Bexar County, Texas",6855,4786,2722,568,71,262,6,1157,2069,2001,35,60,86,2,1759,8,3,0,14,5,0,19,2,8,0,68,9,1,0,16,0,2,19,8,10,1,0,0,0,2,0,0,0,0,0,0,0,0,0,0,0,0,0,0,0,0,0,0,0,0,0,0,0,0,0,0,0,0,0,0,0,90269161.9121094,41130.6044509893
207,48,029,171913,48029171913,1719.13,Census Tract,G5020,S,1643005,0,+29.4237379,-098.6717674,"Census Tract 1719.13, Bexar County, Texas",5184,3674,1954,363,91,128,26,1112,1510,1470,33,25,32,5,1306,10,6,0,18,0,0,22,0,13,0,34,2,3,0,7,0,1,13,2,4,0,1,0,0,0,0,1,0,0,0,0,6,0,0,3,0,1,0,1,0,0,1,0,0,0,0,0,0,0,0,0,0,0,0,0,0,17680315.1289062,19461.5339706082
208,48,029,171914,48029171914,1719.14,Census Tract,G5020,S,2050004,4915,+29.4339755,-098.6811542,"Census Tract 1719.14, Bexar County, Texas",5236,3549,1962,365,51,143,14,1014,1687,1647,55,44,38,8,1449,5,13,0,14,0,0,16,1,4,0,40,3,0,0,3,0,0,15,0,15,0,0,2,0,2,0,0,0,0,0,0,0,0,0,0,0,0,0,0,0,0,0,0,0,0,0,0,0,0,0,0,0,0,0,0,0,22112889.984375,22422.9907866062
209,48,029,171915,48029171915,1719.15,Census Tract,G5020,S,1027172,17172,+29.4233968,-098.6839565,"Census Tract 1719.15, Bexar County, Texas",2095,1407,747,150,30,45,4,431,688,659,9,25,19,0,594,0,1,0,6,0,0,4,0,1,0,25,1,4,0,6,0,0,13,0,1,0,0,0,0,0,0,0,0,0,0,0,4,0,0,0,0,2,0,0,2,0,0,0,0,0,0,0,0,0,0,0,0,0,0,0,0,11238130.3125,13483.387740158
210,48,029,171916,48029171916,1719.16,Census Tract,G5020,S,5575701,9579,+29.4227910,-098.6998498,"Census Tract 1719.16, Bexar County, Texas",10592,7408,4271,936,116,332,30,1723,3184,3009,88,89,102,16,2576,24,27,3,39,0,0,22,15,8,0,148,24,5,0,35,7,0,41,8,26,2,0,0,0,0,0,0,0,0,0,0,25,5,0,13,0,3,0,0,0,0,4,0,0,0,0,0,2,0,2,0,0,0,0,0,0,60102931.1914062,34763.9559091791
211,48,029,171917,48029171917,1719.17,Census Tract,G5020,S,3122652,0,+29.4418568,-098.6996727,"Census Tract 1719.17, Bexar County, Texas",8501,5900,3602,652,102,201,15,1328,2601,2507,58,75,110,7,2148,4,25,0,33,9,0,25,4,8,1,85,5,8,0,23,1,0,22,2,23,0,0,0,0,1,0,0,0,0,0,0,8,0,0,5,0,2,0,1,0,0,0,0,0,0,0,0,1,1,0,0,0,0,0,0,0,33602725.8554688,24600.2195455019
212,48,029,171918,48029171918,1719.18,Census Tract,G5020,S,8378558,42012,+29.4556660,-098.7004780,"Census Tract 1719.18, Bexar County, Texas",7898,5755,3306,887,78,311,46,1127,2143,2058,112,92,99,16,1639,6,17,1,32,0,0,13,19,11,1,72,12,1,0,22,3,4,21,5,0,0,0,0,1,0,0,0,0,3,0,0,12,1,0,0,0,5,0,5,0,0,1,0,0,0,0,0,1,1,0,0,0,0,0,0,0,90613553.7519531,54657.5767884423
213,48,029,171919,48029171919,1719.19,Census Tract,G5020,S,2071053,1377,+29.3915743,-098.6850980,"Census Tract 1719.19, Bexar County, Texas",6377,4338,2368,596,93,91,25,1165,2039,1930,64,39,32,3,1738,5,12,2,24,0,0,8,2,1,0,100,15,3,2,24,3,0,42,1,2,2,0,0,5,0,1,0,0,0,0,0,7,2,0,3,0,0,0,0,2,0,0,0,0,0,0,0,2,0,2,0,0,0,0,0,0,22301315.3085938,23891.0055640085
214,48,029,171920,48029171920,1719.20,Census Tract,G5020,S,5770692,30814,+29.4036291,-098.6745032,"Census Tract 1719.20, Bexar County, Texas",9214,6321,3486,700,122,173,9,1831,2893,2785,87,53,52,6,2498,7,12,0,35,0,0,12,9,12,2,94,8,10,0,11,2,0,36,2,14,0,2,0,1,0,6,0,0,0,0,2,14,4,0,5,0,0,0,0,5,0,0,0,0,0,0,0,0,0,0,0,0,0,0,0,0,62429654.6933594,39275.6014635684
215,48,029,171921,48029171921,1719.21,Census Tract,G5020,S,2276867,2066,+29.3954778,-098.7000893,"Census Tract 1719.21, Bexar County, Texas",5691,3725,1983,292,91,91,7,1261,1966,1906,17,38,33,6,1745,2,3,0,22,2,1,24,1,11,1,48,8,2,1,17,1,0,13,1,5,0,0,0,0,0,0,0,0,0,0,0,10,1,0,5,0,0,0,0,4,0,0,0,0,0,0,0,2,0,2,0,0,0,0,0,0,24523451.421875,23230.5340093533
216,48,029,171922,48029171922,1719.22,Census Tract,G5020,S,2871338,13723,+29.4137587,-098.6909380,"Census Tract 1719.22, Bexar County, Texas",5814,4159,2051,647,68,156,25,1212,1655,1586,67,40,38,1,1354,6,12,12,25,0,0,11,7,13,0,62,8,3,0,12,2,0,27,0,6,0,0,0,0,3,1,0,0,0,0,0,7,0,0,5,1,0,0,0,1,0,0,0,0,0,0,0,0,0,0,0,0,0,0,0,0,31045996.2578125,22231.5188271614
217,48,029,171923,48029171923,1719.23,Census Tract,G5020,S,3690255,0,+29.4550334,-098.6510108,"Census Tract 1719.23, Bexar County, Texas",9414,6453,3526,1061,111,365,24,1366,2961,2865,90,77,90,6,2474,22,17,3,56,0,0,11,2,15,2,89,6,4,0,22,1,0,38,4,13,0,0,0,1,0,0,0,0,0,0,0,5,0,2,3,0,0,0,0,0,0,0,0,0,0,0,0,2,2,0,0,0,0,0,0,0,39710742.1210938,26066.2922994609
218,48,029,171924,48029171924,1719.24,Census Tract,G5020,S,4694228,24970,+29.4616828,-098.6767274,"Census Tract 1719.24, Bexar County, Texas",7460,5559,3179,975,70,433,28,874,1901,1819,60,53,86,1,1514,12,14,0,44,5,0,13,8,9,0,77,7,2,1,18,4,0,26,11,7,0,0,0,0,0,1,0,0,0,0,0,5,0,0,4,0,1,0,0,0,0,0,0,0,0,0,0,0,0,0,0,0,0,0,0,0,50783161.7167969,31843.2073984564
219,48,029,171926,48029171926,1719.26,Census Tract,G5020,S,3301430,1475,+29.4445229,-098.6447992,"Census Tract 1719.26, Bexar County, Texas",3243,2560,1422,434,37,174,10,483,683,659,30,15,47,4,521,2,0,2,11,0,2,11,9,1,4,23,0,4,0,2,0,1,10,0,2,0,0,0,4,0,0,0,0,0,0,0,0,0,0,0,0,0,0,0,0,0,0,0,0,0,0,0,1,0,1,0,0,0,0,0,0,35542434.2480469,27121.5302702513
220,48,029,171927,48029171927,1719.27,Census Tract,G5020,S,4232714,56753,+29.4293946,-098.6604246,"Census Tract 1719.27, Bexar County, Texas",12053,8731,4534,1576,145,460,34,1982,3322,3196,141,108,67,9,2702,19,30,5,39,3,0,31,29,12,1,117,8,1,0,22,2,0,45,11,24,0,0,0,2,0,0,0,0,2,0,0,8,0,0,7,0,0,0,1,0,0,0,0,0,0,0,0,1,0,1,0,0,0,0,0,0,46158744.9511719,28354.1880535444
221,48,029,171928,48029171928,1719.28,Census Tract,G5020,S,3269648,6856,+29.4714741,-098.6650822,"Census Tract 1719.28, Bexar County, Texas",5480,3600,2213,425,23,218,18,703,1880,1805,54,66,55,1,1579,13,13,0,9,3,0,12,0,0,0,69,14,3,0,7,0,0,39,2,3,0,0,0,0,0,0,1,0,0,0,0,6,0,0,3,2,0,0,0,1,0,0,0,0,0,0,0,0,0,0,0,0,0,0,0,0,35258429.1796875,35369.3181435061
222,48,029,171929,48029171929,1719.29,Census Tract,G5020,S,1233520,2252,+29.4648293,-098.6552680,"Census Tract 1719.29, Bexar County, Texas",3785,2637,1529,312,58,122,4,612,1148,1114,23,18,12,0,1005,8,3,0,24,0,0,18,2,1,0,33,2,1,0,5,0,0,12,8,4,0,0,0,0,0,0,0,0,1,0,0,1,1,0,0,0,0,0,0,0,0,0,0,0,0,0,0,0,0,0,0,0,0,0,0,0,13298121.4921875,17385.4128231828
223,48,029,172002,48029172002,1720.02,Census Tract,G5020,S,55731939,120039,+29.4041314,-098.7598942,"Census Tract 1720.02, Bexar County, Texas",30199,22273,13383,3586,395,1003,108,3798,7926,7547,466,282,346,41,5956,70,83,11,161,8,2,52,31,35,3,335,57,59,3,55,12,1,58,22,35,11,2,0,6,10,0,0,3,0,0,1,43,3,0,24,3,5,0,3,0,0,5,0,0,0,0,0,1,0,0,1,0,0,0,0,0,601019756.613281,109288.445963311
224,48,029,172003,48029172003,1720.03,Census Tract,G5020,S,3417168,0,+29.4386563,-098.7237165,"Census Tract 1720.03, Bexar County, Texas",6416,4626,3023,641,68,188,19,687,1790,1703,78,72,83,4,1389,10,13,1,34,4,0,4,4,7,0,81,2,14,0,14,2,0,33,1,13,0,0,0,0,1,0,0,0,0,0,1,4,0,0,4,0,0,0,0,0,0,0,0,0,0,0,0,2,0,0,0,2,0,0,0,0,36771970.0957031,26710.7596539692
225,48,029,172004,48029172004,1720.04,Census Tract,G5020,S,23479143,48265,+29.4937936,-098.7632605,"Census Tract 1720.04, Bexar County, Texas",10601,8069,5429,1024,103,577,23,913,2532,2395,158,97,130,7,1895,2,36,2,31,4,0,5,12,10,6,112,9,19,0,11,4,3,42,8,14,0,0,0,0,0,2,0,0,0,0,0,22,0,0,18,0,0,0,2,0,0,2,0,0,0,0,0,3,2,1,0,0,0,0,0,0,253178465.21875,71919.6528543751
226,48,029,172005,48029172005,1720.05,Census Tract,G5020,S,5859062,369,+29.4950924,-098.7264909,"Census Tract 1720.05, Bexar County, Texas",12319,9092,5580,1504,60,762,22,1164,3227,3042,142,118,167,13,2445,9,41,4,71,4,0,4,8,12,4,163,22,13,6,33,20,0,57,5,7,0,0,0,0,0,0,0,0,0,0,0,19,6,0,9,4,0,0,0,0,0,0,0,0,0,0,0,3,0,1,0,2,0,0,0,0,63053447.1113281,34752.8469571603
227,48,029,172006,48029172006,1720.06,Census Tract,G5020,S,36858609,10262,+29.4598135,-098.7848288,"Census Tract 1720.06, Bexar County, Texas",15271,11245,7082,1649,184,470,29,1831,4026,3810,233,216,253,15,2893,16,56,0,76,1,0,31,9,11,0,204,27,19,3,51,6,0,43,27,21,2,0,0,4,0,0,1,0,0,0,0,11,1,0,6,0,1,0,0,0,0,2,0,1,0,0,0,0,0,0,0,0,0,0,1,1,396745145.839844,101649.808797146
228,48,029,172008,48029172008,1720.08,Census Tract,G5020,S,5479454,0,+29.4751236,-098.7230674,"Census Tract 1720.08, Bexar County, Texas",5744,4011,2517,608,78,302,3,503,1733,1617,89,57,74,11,1326,3,17,0,17,5,0,8,0,8,2,104,4,24,1,28,0,1,29,4,7,0,3,0,0,0,3,0,0,0,0,0,12,0,0,6,0,2,0,0,4,0,0,0,0,0,0,0,0,0,0,0,0,0,0,0,0,58964341.2929688,30403.3884970904
229,48,029,172009,48029172009,1720.09,Census Tract,G5020,S,10220935,5041,+29.4499018,-098.7359575,"Census Tract 1720.09, Bexar County, Texas",10242,7363,4383,1140,90,469,29,1252,2879,2717,154,126,171,2,2129,11,35,2,42,0,0,13,17,13,2,142,8,17,1,32,2,0,68,3,9,0,2,0,0,0,0,0,0,0,0,0,20,0,0,19,0,0,0,0,0,0,1,0,0,0,0,0,0,0,0,0,0,0,0,0,0,110041374.826172,50892.5921385987
230,48,029,180101,48029180101,1801.01,Census Tract,G5020,S,2422398,21632,+29.4595016,-098.5380224,"Census Tract 1801.01, Bexar County, Texas",4600,2823,1819,55,90,43,2,814,1777,1720,15,45,10,4,1622,0,1,1,4,0,0,12,1,2,3,51,0,0,0,5,0,0,41,0,5,0,0,0,0,0,0,0,0,0,0,0,6,0,0,5,0,0,0,0,1,0,0,0,0,0,0,0,0,0,0,0,0,0,0,0,0,26300116.2792969,22981.947824985
231,48,029,180102,48029180102,1801.02,Census Tract,G5020,S,1049555,0,+29.4657096,-098.5367807,"Census Tract 1801.02, Bexar County, Texas",1886,1250,849,46,25,8,1,321,636,620,5,31,5,0,567,0,1,0,5,0,0,3,1,2,0,16,0,0,0,0,0,0,14,0,2,0,0,0,0,0,0,0,0,0,0,0,0,0,0,0,0,0,0,0,0,0,0,0,0,0,0,0,0,0,0,0,0,0,0,0,0,11294232.9609375,19271.9888148013
232,48,029,180201,48029180201,1802.01,Census Tract,G5020,S,1999125,0,+29.4778032,-098.5329344,"Census Tract 1802.01, Bexar County, Texas",4858,3323,1632,166,73,33,1,1418,1535,1511,10,20,11,2,1412,0,0,2,26,0,0,23,4,0,1,19,0,0,0,3,0,0,13,1,1,0,0,0,0,1,0,0,0,0,0,0,4,0,0,4,0,0,0,0,0,0,0,0,0,0,0,0,1,0,0,0,0,1,0,0,0,21512589.921875,20896.68724994
233,48,029,180202,48029180202,1802.02,Census Tract,G5020,S,1995394,0,+29.4742576,-098.5421228,"Census Tract 1802.02, Bexar County, Texas",5287,3500,1895,226,79,48,2,1250,1787,1728,16,28,7,3,1622,7,4,0,20,1,0,16,0,0,4,54,3,0,2,2,0,0,42,1,1,0,0,0,2,0,0,0,0,1,0,0,5,2,0,3,0,0,0,0,0,0,0,0,0,0,0,0,0,0,0,0,0,0,0,0,0,21472418.3105469,22392.9371801093
234,48,029,180300,48029180300,1803,Census Tract,G5020,S,2664824,0,+29.4667590,-098.5575128,"Census Tract 1803, Bexar County, Texas",4525,3103,1932,80,78,12,10,991,1422,1403,6,52,3,0,1318,4,0,0,9,0,0,10,1,0,0,18,3,2,0,1,1,0,10,0,1,0,0,0,0,0,0,0,0,0,0,0,0,0,0,0,0,0,0,0,0,0,0,0,0,0,0,0,1,0,1,0,0,0,0,0,0,28676117.9394531,22673.8774178657
235,48,029,180400,48029180400,1804,Census Tract,G5020,S,2181682,0,+29.4626758,-098.5708715,"Census Tract 1804, Bexar County, Texas",4262,2751,1511,167,75,31,0,967,1511,1496,10,30,7,0,1424,1,1,0,7,0,0,12,0,1,3,12,0,3,0,3,0,1,2,0,3,0,0,0,0,0,0,0,0,0,0,0,3,0,0,2,0,0,0,0,0,1,0,0,0,0,0,0,0,0,0,0,0,0,0,0,0,23477053.8378906,23657.9071603442
236,48,029,180501,48029180501,1805.01,Census Tract,G5020,S,3152705,0,+29.4702079,-098.5896327,"Census Tract 1805.01, Bexar County, Texas",4831,3443,2095,280,65,33,8,962,1388,1350,23,38,23,0,1228,0,3,2,13,0,0,14,0,6,0,36,3,0,0,3,0,0,15,7,3,0,2,0,0,3,0,0,0,0,0,0,2,0,0,2,0,0,0,0,0,0,0,0,0,0,0,0,0,0,0,0,0,0,0,0,0,33926220.2890625,23548.4774818168
237,48,029,180503,48029180503,1805.03,Census Tract,G5020,S,1807000,62709,+29.4606047,-098.5946847,"Census Tract 1805.03, Bexar County, Texas",4356,2740,1559,150,67,35,2,927,1616,1569,11,30,0,3,1487,2,1,0,21,0,1,8,0,3,2,47,0,0,0,9,0,0,34,2,1,0,0,0,0,1,0,0,0,0,0,0,0,0,0,0,0,0,0,0,0,0,0,0,0,0,0,0,0,0,0,0,0,0,0,0,0,20119872.4140625,19977.5272086551
238,48,029,180504,48029180504,1805.04,Census Tract,G5020,S,1675492,68501,+29.4521007,-098.5919512,"Census Tract 1805.04, Bexar County, Texas",4245,2911,1806,172,77,21,4,831,1334,1312,25,12,4,0,1254,1,0,1,8,0,2,4,1,0,0,22,4,1,0,10,0,0,5,0,2,0,0,0,0,0,0,0,0,0,0,0,0,0,0,0,0,0,0,0,0,0,0,0,0,0,0,0,0,0,0,0,0,0,0,0,0,18767055.0175781,20213.0041276018
239,48,029,180602,48029180602,1806.02,Census Tract,G5020,S,1460828,0,+29.4777553,-098.5562656,"Census Tract 1806.02, Bexar County, Texas",2917,2037,1372,91,32,30,0,512,880,828,8,23,5,0,779,2,2,1,0,0,0,7,0,1,0,40,7,5,1,1,0,0,18,0,7,1,0,0,0,0,0,0,0,0,0,0,10,0,0,7,0,0,0,0,3,0,0,0,0,0,0,0,2,2,0,0,0,0,0,0,0,15719981.1191406,19192.4393145215
240,48,029,180603,48029180603,1806.03,Census Tract,G5020,S,941198,0,+29.4848997,-098.5838637,"Census Tract 1806.03, Bexar County, Texas",2138,1488,894,188,34,71,6,295,650,626,11,17,25,3,556,1,3,0,4,0,0,4,1,1,0,24,6,4,0,3,0,0,11,0,0,0,0,0,0,0,0,0,0,0,0,0,0,0,0,0,0,0,0,0,0,0,0,0,0,0,0,0,0,0,0,0,0,0,0,0,0,10128249.1210938,14662.809780187
241,48,029,180604,48029180604,1806.04,Census Tract,G5020,S,3805654,0,+29.4812706,-098.5706326,"Census Tract 1806.04, Bexar County, Texas",5617,3570,2253,245,111,93,3,865,2047,1988,17,65,28,1,1823,12,0,0,10,1,0,19,0,12,0,57,2,0,2,5,1,1,35,2,7,1,0,0,0,0,0,0,0,0,0,1,1,0,0,1,0,0,0,0,0,0,0,0,0,0,0,0,1,1,0,0,0,0,0,0,0,40952650.8457031,30157.5178387896
242,48,029,180701,48029180701,1807.01,Census Tract,G5020,S,2912166,9486,+29.5007468,-098.5700229,"Census Tract 1807.01, Bexar County, Texas",4291,3203,1912,403,42,314,4,528,1088,1041,44,36,33,3,885,3,2,0,18,1,0,5,5,6,0,36,5,1,0,0,0,0,24,1,5,0,0,0,0,0,0,0,0,0,0,0,11,0,0,5,0,0,0,1,4,1,0,0,0,0,0,0,0,0,0,0,0,0,0,0,0,31439922.0410156,22681.0587665907
243,48,029,180702,48029180702,1807.02,Census Tract,G5020,S,3300976,0,+29.4936303,-098.5844477,"Census Tract 1807.02, Bexar County, Texas",6786,4923,2877,564,107,199,13,1163,1863,1801,55,84,45,6,1542,14,5,1,19,4,0,17,1,6,2,57,8,1,0,6,0,0,25,2,13,2,0,0,0,0,0,0,0,0,0,0,5,2,0,2,0,0,1,0,0,0,0,0,0,0,0,0,0,0,0,0,0,0,0,0,0,35521838.7871094,26310.6195237394
244,48,029,180800,48029180800,1808,Census Tract,G5020,S,1775732,484,+29.4928752,-098.5512475,"Census Tract 1808, Bexar County, Texas",2531,1899,1046,325,44,35,2,447,632,619,11,13,16,1,557,0,0,0,9,0,0,9,3,0,0,12,1,0,0,4,0,1,2,0,3,0,0,0,1,0,0,0,0,0,0,0,1,0,0,1,0,0,0,0,0,0,0,0,0,0,0,0,0,0,0,0,0,0,0,0,0,19113884.2382812,22849.3829035531
245,48,029,180901,48029180901,1809.01,Census Tract,G5020,S,2811109,1682,+29.4968392,-098.5403548,"Census Tract 1809.01, Bexar County, Texas",5204,3225,2075,99,62,39,8,942,1979,1929,0,39,23,1,1826,2,0,5,8,0,1,21,3,0,0,47,1,1,1,1,2,0,26,2,5,6,0,0,2,0,0,0,0,0,0,0,3,1,0,2,0,0,0,0,0,0,0,0,0,0,0,0,0,0,0,0,0,0,0,0,0,30268443.4160156,28356.8095057964
246,48,029,180902,48029180902,1809.02,Census Tract,G5020,S,2983505,0,+29.4990227,-098.5303004,"Census Tract 1809.02, Bexar County, Texas",7475,4651,2693,210,106,38,4,1600,2824,2777,14,65,24,4,2625,2,1,0,13,0,0,28,0,1,0,42,1,1,0,5,0,0,29,2,2,1,1,0,0,0,0,0,0,0,0,0,2,0,0,0,0,0,0,0,2,0,0,0,0,0,0,0,3,0,2,1,0,0,0,0,0,32105505.7207031,28940.1335674992
247,48,029,181001,48029181001,1810.01,Census Tract,G5020,S,2543460,1880,+29.5121915,-098.5431428,"Census Tract 1810.01, Bexar County, Texas",3252,2099,1410,158,32,64,0,435,1153,1121,15,32,20,0,1027,3,0,0,9,0,0,14,0,1,0,31,0,0,1,10,0,0,12,4,4,0,0,0,0,0,0,0,0,0,0,0,1,0,0,0,0,1,0,0,0,0,0,0,0,0,0,0,0,0,0,0,0,0,0,0,0,27390475.5234375,25217.6017465625
248,48,029,181003,48029181003,1810.03,Census Tract,G5020,S,1697171,1049,+29.5222650,-098.5613160,"Census Tract 1810.03, Bexar County, Texas",6997,5544,2350,943,52,1556,9,634,1453,1400,68,45,153,1,1052,6,7,0,26,0,0,14,5,21,2,51,9,4,0,11,0,0,12,7,7,0,0,0,0,1,0,0,0,0,0,0,2,0,0,2,0,0,0,0,0,0,0,0,0,0,0,0,0,0,0,0,0,0,0,0,0,18274616.1386719,17929.5790966622
249,48,029,181004,48029181004,1810.04,Census Tract,G5020,S,1802849,12181,+29.5132938,-098.5674430,"Census Tract 1810.04, Bexar County, Texas",5354,4020,2205,582,74,435,5,719,1334,1271,59,55,57,1,1049,12,6,4,22,0,0,5,0,1,0,63,9,0,0,15,1,0,12,9,17,0,0,0,0,0,0,0,0,0,0,0,0,0,0,0,0,0,0,0,0,0,0,0,0,0,0,0,0,0,0,0,0,0,0,0,0,19531600.2441406,18773.4120535179
250,48,029,181005,48029181005,1810.05,Census Tract,G5020,S,1096186,0,+29.5023867,-098.5540500,"Census Tract 1810.05, Bexar County, Texas",4251,3115,1426,704,72,294,15,604,1136,1102,26,38,57,3,914,10,0,5,35,2,1,4,5,1,1,27,2,1,0,7,0,0,9,4,2,0,0,0,0,0,0,0,0,0,1,1,6,0,0,1,0,5,0,0,0,0,0,0,0,0,0,0,1,0,1,0,0,0,0,0,0,11796091.9609375,14846.5055912248
251,48,029,181100,48029181100,1811,Census Tract,G5020,S,3534331,4030,+29.5263791,-098.5502751,"Census Tract 1811, Bexar County, Texas",5818,4128,3136,182,44,187,12,567,1690,1618,33,80,23,0,1444,1,4,2,11,1,0,12,4,3,0,60,4,0,0,16,1,0,34,0,3,0,0,0,0,0,1,0,0,1,0,0,12,0,0,2,0,2,0,0,7,0,1,0,0,0,0,0,0,0,0,0,0,0,0,0,0,38076471.0351562,26706.8452610423
252,48,029,181200,48029181200,1812,Census Tract,G5020,S,3786130,0,+29.5367965,-098.5392167,"Census Tract 1812, Bexar County, Texas",4844,3398,2822,101,23,83,9,360,1446,1382,34,67,40,0,1225,3,0,0,6,0,0,3,0,4,0,62,0,1,0,3,2,0,34,1,19,0,0,0,1,0,1,0,0,0,0,0,2,0,0,0,0,1,0,0,1,0,0,0,0,0,0,0,0,0,0,0,0,0,0,0,0,40742743.5605469,33949.2721110338
253,48,029,181301,48029181301,1813.01,Census Tract,G5020,S,1434180,3067,+29.5479597,-098.5597409,"Census Tract 1813.01, Bexar County, Texas",4290,3059,2060,382,57,112,14,434,1231,1182,47,42,53,5,965,7,6,5,31,2,0,10,6,1,2,43,8,0,1,4,1,0,22,1,6,0,0,0,0,0,0,0,0,0,0,0,5,0,0,4,0,0,0,0,1,0,0,0,0,0,0,0,0,0,0,0,0,0,0,1,1,15466340.9550781,18217.2309388177
254,48,029,181302,48029181302,1813.02,Census Tract,G5020,S,2540824,552,+29.5423236,-098.5638293,"Census Tract 1813.02, Bexar County, Texas",6263,4436,3011,370,85,254,13,703,1827,1765,50,82,40,2,1534,5,6,2,19,1,0,11,2,10,1,57,13,1,1,11,0,0,21,2,6,0,0,2,0,0,0,0,0,0,0,0,5,0,0,4,1,0,0,0,0,0,0,0,0,0,0,0,0,0,0,0,0,0,0,0,0,27347924.6679688,22805.421426192
255,48,029,181303,48029181303,1813.03,Census Tract,G5020,S,2073467,16690,+29.5354781,-098.5739886,"Census Tract 1813.03, Bexar County, Texas",3764,2957,1098,618,36,876,11,318,807,766,29,20,186,2,483,2,6,1,7,1,0,16,8,5,0,34,1,2,0,2,0,0,20,2,3,2,0,0,0,2,0,0,0,0,0,0,4,0,0,0,0,0,0,0,1,0,3,0,0,0,0,0,3,0,0,1,0,1,1,0,0,22492293.3574219,22086.1582464897
256,48,029,181402,48029181402,1814.02,Census Tract,G5020,S,3648685,0,+29.5122454,-098.5803117,"Census Tract 1814.02, Bexar County, Texas",2894,2364,1271,287,25,514,5,262,530,502,23,23,32,2,396,4,5,0,10,0,0,4,3,0,0,26,6,0,0,5,1,0,11,0,3,0,0,0,0,0,0,0,0,0,0,0,1,0,0,0,0,0,0,1,0,0,0,0,0,0,0,0,1,1,0,0,0,0,0,0,0,39263594.4511719,24493.7184860597
257,48,029,181403,48029181403,1814.03,Census Tract,G5020,S,1063451,0,+29.5257754,-098.5797164,"Census Tract 1814.03, Bexar County, Texas",6182,4828,2186,674,73,1219,5,671,1354,1256,69,61,71,1,982,7,8,1,30,0,1,11,3,11,0,91,14,3,9,18,1,0,27,1,5,4,1,1,5,0,1,0,0,0,1,0,7,0,0,5,0,0,0,0,1,1,0,0,0,0,0,0,0,0,0,0,0,0,0,0,0,11443861.3808594,14627.3885498272
258,48,029,181404,48029181404,1814.04,Census Tract,G5020,S,2656569,0,+29.5286422,-098.5882052,"Census Tract 1814.04, Bexar County, Texas",5223,4387,1922,422,52,1530,10,451,836,801,39,18,39,2,658,3,5,4,20,0,0,10,1,2,0,29,2,1,0,2,2,0,11,1,9,0,1,0,0,0,0,0,0,0,0,0,4,0,0,4,0,0,0,0,0,0,0,0,0,0,0,0,2,0,0,0,2,0,0,0,0,28587477.3652344,25525.9794615271
259,48,029,181503,48029181503,1815.03,Census Tract,G5020,S,2222199,0,+29.5127445,-098.6027543,"Census Tract 1815.03, Bexar County, Texas",8457,6591,4014,852,76,657,17,975,1866,1803,77,51,100,0,1519,10,4,5,17,1,0,11,6,2,0,58,2,2,0,11,1,0,31,1,5,0,0,0,3,0,1,0,0,1,0,0,5,0,0,5,0,0,0,0,0,0,0,0,0,0,0,0,0,0,0,0,0,0,0,0,0,23913161.7285156,23447.9246378235
260,48,029,181504,48029181504,1815.04,Census Tract,G5020,S,1649873,565,+29.5058719,-098.5936735,"Census Tract 1815.04, Bexar County, Texas",6612,4858,2727,783,62,406,10,870,1754,1647,68,75,71,1,1346,12,10,0,42,3,0,15,4,0,0,92,14,0,2,10,9,0,46,2,5,4,0,0,0,0,0,0,0,0,0,0,15,0,0,12,3,0,0,0,0,0,0,0,0,0,0,0,0,0,0,0,0,0,0,0,0,17760381.2402344,19353.8990593896
261,48,029,181505,48029181505,1815.05,Census Tract,G5020,S,2190819,0,+29.4999762,-098.6050448,"Census Tract 1815.05, Bexar County, Texas",4388,3053,2164,147,45,84,12,601,1335,1287,15,47,27,2,1149,1,1,0,8,3,0,29,2,3,0,46,7,0,1,8,3,0,15,2,1,1,0,1,0,0,5,0,0,0,2,0,2,2,0,0,0,0,0,0,0,0,0,0,0,0,0,0,0,0,0,0,0,0,0,0,0,23575442.9042969,23839.4880214719
262,48,029,181506,48029181506,1815.06,Census Tract,G5020,S,2414961,0,+29.4930504,-098.6092462,"Census Tract 1815.06, Bexar County, Texas",3992,2887,1763,304,56,106,2,656,1105,1062,25,30,23,0,956,0,2,0,17,0,0,5,0,4,0,38,5,0,0,7,0,0,16,5,3,0,0,0,1,0,0,0,0,1,0,0,5,0,0,3,0,0,0,0,2,0,0,0,0,0,0,0,0,0,0,0,0,0,0,0,0,25987395.0488281,25730.8160670132
263,48,029,181601,48029181601,1816.01,Census Tract,G5020,S,2588318,0,+29.4753342,-098.6024199,"Census Tract 1816.01, Bexar County, Texas",3189,2202,1431,146,38,26,0,561,987,963,6,28,3,0,911,3,3,0,3,0,0,6,0,0,0,22,0,0,0,7,0,0,8,0,6,0,1,0,0,0,0,0,0,0,0,0,0,0,0,0,0,0,0,0,0,0,0,0,0,0,0,0,2,0,2,0,0,0,0,0,0,27852853.6132812,28175.7906826517
264,48,029,181602,48029181602,1816.02,Census Tract,G5020,S,3727344,0,+29.4579251,-098.6140374,"Census Tract 1816.02, Bexar County, Texas",5639,3913,2366,429,53,77,4,984,1726,1682,37,27,15,1,1553,2,4,0,23,0,0,10,4,4,2,39,1,4,0,7,0,0,18,5,2,1,0,0,0,0,1,0,0,0,0,0,4,2,0,1,0,0,0,1,0,0,0,0,0,0,0,0,1,0,1,0,0,0,0,0,0,40109871.0859375,27303.5705541336
265,48,029,181703,48029181703,1817.03,Census Tract,G5020,S,3764552,2533,+29.5271515,-098.6523463,"Census Tract 1817.03, Bexar County, Texas",7034,5095,3815,339,59,189,6,687,1939,1864,57,91,85,1,1582,4,16,1,11,3,0,5,6,2,0,67,9,0,0,11,5,1,26,4,11,0,0,0,0,0,0,0,0,0,0,0,8,2,0,4,1,0,1,0,0,0,0,0,0,0,0,0,0,0,0,0,0,0,0,0,0,40537793.8808594,28711.9940124585
266,48,029,181704,48029181704,1817.04,Census Tract,G5020,S,5732875,11406,+29.5023002,-098.6345896,"Census Tract 1817.04, Bexar County, Texas",5904,4084,2515,256,75,220,5,1013,1820,1782,21,67,18,3,1609,4,5,0,19,1,1,24,2,6,2,38,3,5,0,4,1,0,24,0,0,0,0,0,0,1,0,0,0,0,0,0,0,0,0,0,0,0,0,0,0,0,0,0,0,0,0,0,0,0,0,0,0,0,0,0,0,61814243.0605469,36420.6330633731
267,48,029,181705,48029181705,1817.05,Census Tract,G5020,S,4490895,0,+29.4806068,-098.6170515,"Census Tract 1817.05, Bexar County, Texas",6736,5171,2822,670,69,629,17,964,1565,1508,60,54,43,6,1284,1,15,0,18,0,0,23,0,3,1,50,4,3,0,13,0,1,24,0,5,0,0,0,0,0,0,0,0,0,0,0,7,0,0,3,1,0,0,0,2,1,0,0,0,0,0,0,0,0,0,0,0,0,0,0,0,48326484.5585938,30149.5685862363
268,48,029,181711,48029181711,1817.11,Census Tract,G5020,S,3743738,476,+29.5120429,-098.6494648,"Census Tract 1817.11, Bexar County, Texas",8400,5718,3858,521,78,427,13,821,2682,2579,114,90,86,5,2214,3,12,0,28,0,0,14,8,5,0,99,16,2,0,9,10,0,46,6,8,0,1,0,0,1,0,0,0,0,0,0,4,0,0,4,0,0,0,0,0,0,0,0,0,0,0,0,0,0,0,0,0,0,0,0,0,40291552.9960938,26528.638451109
269,48,029,181712,48029181712,1817.12,Census Tract,G5020,S,1687802,0,+29.4930180,-098.6596257,"Census Tract 1817.12, Bexar County, Texas",3635,2557,1833,175,26,105,5,413,1078,1038,15,44,34,2,911,2,5,0,19,1,0,2,0,3,0,37,2,1,0,5,0,0,20,1,8,0,0,0,0,0,0,0,0,0,0,0,3,0,0,0,0,0,0,0,0,0,3,0,0,0,0,0,0,0,0,0,0,0,0,0,0,18162430.8945312,18758.5963037873
270,48,029,181713,48029181713,1817.13,Census Tract,G5020,S,4184826,1169,+29.4920930,-098.6472728,"Census Tract 1817.13, Bexar County, Texas",7155,5001,3437,373,84,129,7,971,2154,2090,54,103,51,0,1824,4,5,0,15,0,2,14,4,14,0,56,3,2,0,9,4,0,32,3,3,0,0,0,0,0,0,0,0,0,0,0,3,0,0,3,0,0,0,0,0,0,0,0,0,0,0,0,5,2,2,0,0,1,0,0,0,45045472.421875,33215.9858232867
271,48,029,181715,48029181715,1817.15,Census Tract,G5020,S,1932126,0,+29.4994275,-098.6859053,"Census Tract 1817.15, Bexar County, Texas",5958,3990,2596,250,64,66,1,1013,1968,1909,49,60,36,6,1700,7,9,0,4,3,0,23,4,8,0,57,6,2,0,9,0,0,30,2,3,3,0,0,2,0,0,0,0,0,0,0,2,0,1,0,0,1,0,0,0,0,0,0,0,0,0,0,0,0,0,0,0,0,0,0,0,20791629.0253906,21015.5624032026
272,48,029,181716,48029181716,1817.16,Census Tract,G5020,S,3866343,1643,+29.5080917,-098.6954648,"Census Tract 1817.16, Bexar County, Texas",7167,5006,3147,360,108,90,9,1292,2161,2077,63,69,39,7,1842,6,4,0,19,0,0,21,2,4,1,83,12,11,0,10,0,1,38,1,6,0,0,0,0,2,2,0,0,0,0,0,0,0,0,0,0,0,0,0,0,0,0,0,0,0,0,0,1,0,1,0,0,0,0,0,0,41623489.2792969,33407.5186558849
273,48,029,181718,48029181718,1817.18,Census Tract,G5020,S,2484692,0,+29.5278207,-098.6716386,"Census Tract 1817.18, Bexar County, Texas",5023,3473,2588,213,44,74,11,543,1550,1471,47,95,48,0,1242,5,5,1,7,0,0,4,6,11,0,77,8,4,0,6,5,0,39,0,13,0,0,0,1,0,1,0,0,0,0,0,1,0,0,1,0,0,0,0,0,0,0,0,0,0,0,0,1,0,0,0,1,0,0,0,0,26737864.9960938,24402.2236253495
274,48,029,181720,48029181720,1817.20,Census Tract,G5020,S,1953154,4322,+29.5461035,-098.6600963,"Census Tract 1817.20, Bexar County, Texas",4324,2993,2263,170,35,129,1,395,1331,1275,31,42,66,1,1107,2,0,0,8,1,0,13,0,4,0,55,1,0,0,15,2,0,34,0,0,0,0,0,2,0,0,0,0,0,0,1,1,0,0,0,0,1,0,0,0,0,0,0,0,0,0,0,0,0,0,0,0,0,0,0,0,21064503.9648438,20341.2904690124
275,48,029,181721,48029181721,1817.21,Census Tract,G5020,S,1851552,626,+29.5427633,-098.6739950,"Census Tract 1817.21, Bexar County, Texas",3211,2202,1591,171,31,80,2,327,1009,942,23,27,30,4,826,1,3,3,8,3,0,7,2,5,0,47,6,1,0,5,4,0,21,0,8,0,0,0,0,1,0,1,0,0,0,0,18,2,0,14,2,0,0,0,0,0,0,0,0,0,0,0,1,0,1,0,0,0,0,1,1,19931410.8027344,23461.4161209781
276,48,029,181722,48029181722,1817.22,Census Tract,G5020,S,1803458,0,+29.5135739,-098.6728634,"Census Tract 1817.22, Bexar County, Texas",4707,3292,2215,275,33,129,23,617,1415,1358,56,70,54,7,1133,2,3,1,12,4,0,5,3,7,1,53,2,1,0,7,0,0,35,0,5,0,0,0,2,1,0,0,0,0,0,0,0,0,0,0,0,0,0,0,0,0,0,0,0,0,0,0,4,4,0,0,0,0,0,0,0,19407051.9042969,19842.2935489368
277,48,029,181723,48029181723,1817.23,Census Tract,G5020,S,1343243,0,+29.5216024,-098.6784302,"Census Tract 1817.23, Bexar County, Texas",4084,2864,1823,238,45,105,11,642,1220,1174,55,34,43,1,1015,3,4,0,7,0,0,7,0,2,3,41,2,0,0,12,1,0,16,1,6,1,0,1,1,0,0,0,0,0,0,0,5,0,0,1,0,0,0,1,3,0,0,0,0,0,0,0,0,0,0,0,0,0,0,0,0,14454678.3515625,17711.6332127935
278,48,029,181724,48029181724,1817.24,Census Tract,G5020,S,7076549,24380,+29.5527545,-098.6903421,"Census Tract 1817.24, Bexar County, Texas",5383,3777,2703,227,40,193,2,612,1606,1541,49,65,64,0,1336,1,2,0,15,3,0,4,1,1,0,56,3,3,0,16,0,0,27,0,6,1,0,0,0,0,0,0,0,0,0,0,8,0,0,0,0,0,0,7,1,0,0,0,0,0,0,0,1,0,0,0,1,0,0,0,0,76413658.84375,35924.9927430305
279,48,029,181725,48029181725,1817.25,Census Tract,G5020,S,3122336,1507,+29.4601895,-098.6260127,"Census Tract 1817.25, Bexar County, Texas",5641,4224,2163,720,77,197,26,1041,1417,1356,42,44,40,8,1161,6,4,1,15,0,0,13,6,11,5,53,10,0,0,9,1,0,32,1,0,0,0,0,0,0,0,0,0,0,0,0,6,2,0,1,1,1,0,0,0,1,0,0,0,0,0,0,2,2,0,0,0,0,0,0,0,33615594.7167969,37581.4955140572
280,48,029,181726,48029181726,1817.26,Census Tract,G5020,S,6757288,9136,+29.5312744,-098.6945613,"Census Tract 1817.26, Bexar County, Texas",13282,9636,6273,908,103,603,24,1725,3646,3478,157,110,138,14,2903,17,18,4,54,0,0,31,13,19,0,149,7,18,2,26,5,0,51,4,35,0,0,0,0,1,0,0,0,0,0,0,19,3,1,8,0,7,0,0,0,0,0,0,0,0,0,0,0,0,0,0,0,0,0,0,0,72813737.4550781,33540.6967521181
281,48,029,181727,48029181727,1817.27,Census Tract,G5020,S,2822472,0,+29.4718355,-098.6415982,"Census Tract 1817.27, Bexar County, Texas",3944,2665,1377,296,72,155,0,765,1279,1232,8,19,38,0,1127,13,0,2,10,0,1,4,8,2,0,44,4,2,0,5,0,0,24,3,6,0,0,0,0,0,0,0,0,0,0,0,2,0,0,1,0,0,0,1,0,0,0,0,0,0,0,0,1,0,0,1,0,0,0,0,0,30372556.8046875,32841.1720755315
282,48,029,181729,48029181729,1817.29,Census Tract,G5020,S,8696577,46627,+29.5261089,-098.7445249,"Census Tract 1817.29, Bexar County, Texas",13707,9859,6027,1310,133,656,46,1687,3848,3657,175,138,182,10,2988,16,37,3,43,4,0,19,22,19,1,166,5,17,0,31,6,0,51,12,37,0,0,0,0,7,0,0,0,0,0,0,25,3,0,15,3,1,0,0,0,0,3,0,0,0,0,0,0,0,0,0,0,0,0,0,0,94085895.1699219,38519.4475462741
283,48,029,181730,48029181730,1817.30,Census Tract,G5020,S,1529309,0,+29.4928775,-098.6703618,"Census Tract 1817.30, Bexar County, Texas",3920,2659,1718,213,81,87,4,556,1261,1222,17,33,38,1,1090,1,8,0,16,2,0,9,4,3,0,36,2,5,0,3,0,0,24,0,1,0,0,0,1,0,0,0,0,0,0,0,2,1,0,1,0,0,0,0,0,0,0,0,0,0,0,0,1,0,1,0,0,0,0,0,0,16456917.4492188,24599.2922405697
284,48,029,181731,48029181731,1817.31,Census Tract,G5020,S,2724175,0,+29.5026423,-098.6726616,"Census Tract 1817.31, Bexar County, Texas",7171,5008,3327,481,77,164,11,948,2163,2054,55,88,72,3,1780,9,10,0,16,0,0,13,2,3,3,98,4,11,1,15,0,0,50,6,8,3,0,0,0,0,0,0,0,0,0,0,10,0,0,7,2,0,1,0,0,0,0,0,0,0,0,0,1,0,1,0,0,0,0,0,0,29314910.7421875,26850.6321899294
285,48,029,181732,48029181732,1817.32,Census Tract,G5020,S,3496018,3610,+29.5049392,-098.7068709,"Census Tract 1817.32, Bexar County, Texas",7668,5573,3231,666,88,351,42,1195,2095,1974,83,93,44,4,1654,9,16,1,34,1,0,20,8,7,0,114,11,16,0,20,19,0,32,1,11,0,1,0,0,0,0,1,0,2,0,0,6,0,0,4,0,2,0,0,0,0,0,0,0,0,0,0,1,0,1,0,0,0,0,0,0,37659572.7949219,37483.3344239591
286,48,029,181733,48029181733,1817.33,Census Tract,G5020,S,2752469,2369,+29.5133501,-098.7135103,"Census Tract 1817.33, Bexar County, Texas",6381,4556,2522,559,73,291,9,1102,1825,1729,74,65,80,8,1423,5,17,0,30,0,0,16,0,11,0,85,0,9,0,13,5,0,32,8,15,0,0,0,1,0,2,0,0,0,0,0,10,1,0,6,0,2,0,0,0,1,0,0,0,0,0,0,1,0,1,0,0,0,0,0,0,29644881.8847656,25347.5769141344
287,48,029,181808,48029181808,1818.08,Census Tract,G5020,S,3799464,3419,+29.5354916,-098.5978441,"Census Tract 1818.08, Bexar County, Texas",2200,1683,1007,112,13,364,0,187,517,502,10,21,47,1,394,0,3,0,7,3,0,7,8,1,0,13,1,1,0,0,0,0,7,0,2,0,0,0,1,1,0,0,0,0,0,0,2,0,0,1,0,0,0,1,0,0,0,0,0,0,0,0,0,0,0,0,0,0,0,0,0,40923057.5449219,29527.4058170801
